frxUSDJPY	2012-11-08 00:00:10	79.977	79.986	79.981	79.9819
frxUSDJPY	2012-11-08 00:00:11	79.969	79.994	79.982	79.9822
frxUSDJPY	2012-11-08 00:00:13	79.978	79.985	79.982	79.9826
frxUSDJPY	2012-11-08 00:00:14	79.977	79.988	79.983	79.9833
frxUSDJPY	2012-11-08 00:00:16	79.977	79.985	79.981	79.9813
frxUSDJPY	2012-11-08 00:00:17	79.967	79.992	79.98	79.9805
frxUSDJPY	2012-11-08 00:00:19	79.974	79.985	79.98	79.9801
frxUSDJPY	2012-11-08 00:00:20	79.967	79.991	79.979	79.9792
frxUSDJPY	2012-11-08 00:00:21	79.968	79.992	79.98	79.98
frxUSDJPY	2012-11-08 00:00:25	79.97	79.989	79.98	79.9807
frxUSDJPY	2012-11-08 00:00:26	79.971	79.989	79.98	79.9804
frxUSDJPY	2012-11-08 00:00:27	79.95	80.03	79.986	79.9867
frxUSDJPY	2012-11-08 00:00:31	79.974	79.986	79.98	79.9807
frxUSDJPY	2012-11-08 00:00:33	79.968	79.992	79.98	79.9809
frxUSDJPY	2012-11-08 00:00:34	79.974	79.987	79.98	79.9807
frxUSDJPY	2012-11-08 00:00:35	79.973	79.983	79.978	79.9787
frxUSDJPY	2012-11-08 00:00:36	79.968	79.992	79.98	79.9808
frxUSDJPY	2012-11-08 00:00:37	79.97	79.987	79.979	79.979
frxUSDJPY	2012-11-08 00:00:39	79.977	79.98	79.978	79.9781
frxUSDJPY	2012-11-08 00:00:44	79.977	79.979	79.978	79.9782
frxUSDJPY	2012-11-08 00:00:47	79.97	79.988	79.979	79.9792
frxUSDJPY	2012-11-08 00:00:48	79.976	79.983	79.98	79.9808
frxUSDJPY	2012-11-08 00:00:49	79.967	79.991	79.979	79.9797
frxUSDJPY	2012-11-08 00:00:50	79.979	79.98	79.979	79.9796
frxUSDJPY	2012-11-08 00:00:55	79.975	79.981	79.978	79.9787
frxUSDJPY	2012-11-08 01:00:13	79.948	79.972	79.96	79.9606
frxUSDJPY	2012-11-08 01:00:14	79.946	79.971	79.959	79.9592
frxUSDJPY	2012-11-08 01:00:15	79.962	79.969	79.965	79.9659
frxUSDJPY	2012-11-08 01:00:16	79.961	79.969	79.965	79.9659
frxUSDJPY	2012-11-08 01:00:17	79.963	79.965	79.964	79.9648
frxUSDJPY	2012-11-08 01:00:21	79.96	79.99	79.971	79.9713
frxUSDJPY	2012-11-08 01:00:22	79.955	79.973	79.967	79.9672
frxUSDJPY	2012-11-08 01:00:24	79.96	79.99	79.971	79.9714
frxUSDJPY	2012-11-08 01:00:25	79.961	79.97	79.965	79.9658
frxUSDJPY	2012-11-08 01:00:27	79.959	79.969	79.964	79.9642
frxUSDJPY	2012-11-08 01:00:30	79.95	79.97	79.961	79.9617
frxUSDJPY	2012-11-08 01:00:31	79.96	79.99	79.97	79.9705
frxUSDJPY	2012-11-08 01:00:33	79.96	79.99	79.971	79.9719
frxUSDJPY	2012-11-08 01:00:35	79.964	79.965	79.967	79.9672
frxUSDJPY	2012-11-08 01:00:36	79.963	79.965	79.965	79.9655
frxUSDJPY	2012-11-08 01:00:37	79.957	79.973	79.965	79.9658
frxUSDJPY	2012-11-08 01:00:39	79.954	79.979	79.966	79.9661
frxUSDJPY	2012-11-08 01:00:41	79.96	79.99	79.971	79.971
frxUSDJPY	2012-11-08 01:00:42	79.96	79.968	79.964	79.9647
frxUSDJPY	2012-11-08 01:00:45	79.96	79.99	79.971	79.9711
frxUSDJPY	2012-11-08 01:00:49	79.96	79.967	79.964	79.9641
frxUSDJPY	2012-11-08 01:00:51	79.956	79.973	79.964	79.9649
frxUSDJPY	2012-11-08 01:00:52	79.95	79.98	79.968	79.968
frxUSDJPY	2012-11-08 01:00:53	79.961	79.97	79.966	79.9661
frxUSDJPY	2012-11-08 01:00:54	79.96	79.969	79.967	79.9676
frxUSDJPY	2012-11-08 01:00:56	79.95	79.98	79.964	79.9641
frxUSDJPY	2012-11-08 01:00:57	79.957	79.969	79.964	79.9641
frxUSDJPY	2012-11-08 01:01:01	79.958	79.965	79.962	79.962
frxUSDJPY	2012-11-08 01:01:03	79.954	79.973	79.966	79.9669
frxUSDJPY	2012-11-08 01:01:04	79.957	79.968	79.963	79.9634
frxUSDJPY	2012-11-08 01:01:06	79.96	79.99	79.97	79.9702
frxUSDJPY	2012-11-08 01:01:07	79.954	79.964	79.959	79.9593
frxUSDJPY	2012-11-08 01:01:08	79.948	79.972	79.96	79.9604
frxUSDJPY	2012-11-08 01:01:09	79.94	79.98	79.96	79.9606
frxUSDJPY	2012-11-08 01:01:14	79.951	79.968	79.964	79.9641
frxUSDJPY	2012-11-08 01:01:16	79.956	79.957	79.956	79.9569
frxUSDJPY	2012-11-08 01:01:18	79.952	79.953	79.953	79.9536
frxUSDJPY	2012-11-08 01:01:19	79.948	79.959	79.953	79.9535
frxUSDJPY	2012-11-08 01:01:21	79.945	79.964	79.955	79.9551
frxUSDJPY	2012-11-08 01:01:22	79.943	79.951	79.948	79.9485
frxUSDJPY	2012-11-08 01:01:23	79.946	79.956	79.951	79.951
frxUSDJPY	2012-11-08 01:01:24	79.954	79.956	79.955	79.9554
frxUSDJPY	2012-11-08 01:01:25	79.951	79.963	79.957	79.9576
frxUSDJPY	2012-11-08 01:01:26	79.955	79.965	79.96	79.9603
frxUSDJPY	2012-11-08 01:01:27	79.948	79.972	79.96	79.9608
frxUSDJPY	2012-11-08 01:01:28	79.949	79.958	79.956	79.9564
frxUSDJPY	2012-11-08 01:01:30	79.946	79.948	79.948	79.9485
frxUSDJPY	2012-11-08 02:00:08	79.901	79.903	79.903	79.9031
frxUSDJPY	2012-11-08 02:00:09	79.898	79.905	79.902	79.9029
frxUSDJPY	2012-11-08 02:00:11	79.903	79.904	79.902	79.9022
frxUSDJPY	2012-11-08 02:00:12	79.896	79.903	79.899	79.899
frxUSDJPY	2012-11-08 02:00:13	79.895	79.902	79.899	79.8998
frxUSDJPY	2012-11-08 02:00:15	79.89	79.905	79.895	79.8959
frxUSDJPY	2012-11-08 02:00:16	79.895	79.903	79.898	79.8986
frxUSDJPY	2012-11-08 02:00:18	79.88	79.91	79.895	79.8953
frxUSDJPY	2012-11-08 02:00:20	79.89	79.92	79.901	79.9013
frxUSDJPY	2012-11-08 02:00:22	79.885	79.909	79.899	79.8996
frxUSDJPY	2012-11-08 02:00:23	79.89	79.92	79.902	79.9024
frxUSDJPY	2012-11-08 02:00:27	79.896	79.898	79.897	79.8975
frxUSDJPY	2012-11-08 02:00:29	79.892	79.905	79.901	79.9012
frxUSDJPY	2012-11-08 02:00:30	79.892	79.903	79.898	79.8989
frxUSDJPY	2012-11-08 02:00:35	79.893	79.902	79.897	79.8973
frxUSDJPY	2012-11-08 02:00:37	79.892	79.903	79.898	79.8983
frxUSDJPY	2012-11-08 02:00:38	79.89	79.92	79.902	79.9025
frxUSDJPY	2012-11-08 02:00:39	79.893	79.902	79.899	79.8991
frxUSDJPY	2012-11-08 02:00:41	79.892	79.902	79.898	79.8983
frxUSDJPY	2012-11-08 02:00:42	79.893	79.902	79.898	79.8984
frxUSDJPY	2012-11-08 02:00:46	79.893	79.901	79.898	79.8988
frxUSDJPY	2012-11-08 02:00:58	79.88	79.93	79.903	79.9034
frxUSDJPY	2012-11-08 02:00:59	79.895	79.902	79.9	79.9003
frxUSDJPY	2012-11-08 02:01:00	79.893	79.903	79.898	79.8988
frxUSDJPY	2012-11-08 02:01:03	79.88	79.94	79.906	79.906
frxUSDJPY	2012-11-08 02:01:05	79.893	79.903	79.901	79.9012
frxUSDJPY	2012-11-08 02:01:08	79.892	79.907	79.899	79.8998
frxUSDJPY	2012-11-08 02:01:18	79.896	79.898	79.897	79.8972
frxUSDJPY	2012-11-08 02:01:25	79.894	79.902	79.898	79.8981
frxUSDJPY	2012-11-08 02:01:27	79.893	79.904	79.898	79.8984
frxUSDJPY	2012-11-08 02:01:28	79.885	79.91	79.898	79.8983
frxUSDJPY	2012-11-08 02:01:31	79.87	79.93	79.899	79.8995
frxUSDJPY	2012-11-08 02:01:33	79.893	79.902	79.898	79.8986
frxUSDJPY	2012-11-08 02:01:37	79.895	79.905	79.899	79.899
frxUSDJPY	2012-11-08 02:01:38	79.888	79.912	79.9	79.9004
frxUSDJPY	2012-11-08 02:01:39	79.897	79.903	79.901	79.9014
frxUSDJPY	2012-11-08 02:01:42	79.895	79.904	79.899	79.8998
frxUSDJPY	2012-11-08 02:01:44	79.886	79.91	79.898	79.8983
frxUSDJPY	2012-11-08 02:01:45	79.895	79.904	79.899	79.8999
frxUSDJPY	2012-11-08 02:01:50	79.895	79.904	79.899	79.8991
frxUSDJPY	2012-11-08 02:01:57	79.9	79.93	79.91	79.9109
frxUSDJPY	2012-11-08 02:02:00	79.895	79.904	79.902	79.9026
frxUSDJPY	2012-11-08 02:02:01	79.896	79.906	79.901	79.9012
frxUSDJPY	2012-11-08 02:02:04	79.897	79.9	79.899	79.8991
frxUSDJPY	2012-11-08 02:02:06	79.893	79.902	79.897	79.8975
frxUSDJPY	2012-11-08 02:02:09	79.892	79.907	79.899	79.8995
frxUSDJPY	2012-11-08 02:02:11	79.888	79.913	79.901	79.901
frxUSDJPY	2012-11-08 02:02:12	79.895	79.904	79.9	79.9006
frxUSDJPY	2012-11-08 02:02:13	79.9	79.902	79.901	79.9016
frxUSDJPY	2012-11-08 02:02:14	79.897	79.905	79.901	79.9014
frxUSDJPY	2012-11-08 02:02:16	79.89	79.92	79.902	79.9023
frxUSDJPY	2012-11-08 02:02:17	79.896	79.907	79.902	79.9024
frxUSDJPY	2012-11-08 02:02:18	79.897	79.906	79.901	79.9019
frxUSDJPY	2012-11-08 02:02:20	79.896	79.905	79.901	79.9014
frxUSDJPY	2012-11-08 02:02:22	79.896	79.904	79.9	79.9009
frxUSDJPY	2012-11-08 02:02:23	79.9	79.91	79.904	79.9048
frxUSDJPY	2012-11-08 02:02:24	79.888	79.913	79.902	79.9029
frxUSDJPY	2012-11-08 02:02:25	79.898	79.909	79.903	79.9039
frxUSDJPY	2012-11-08 02:02:26	79.894	79.903	79.898	79.8985
frxUSDJPY	2012-11-08 02:02:28	79.885	79.91	79.898	79.8988
frxUSDJPY	2012-11-08 02:02:30	79.89	79.92	79.902	79.9026
frxUSDJPY	2012-11-08 02:02:31	79.886	79.91	79.899	79.8998
frxUSDJPY	2012-11-08 02:02:37	79.894	79.902	79.898	79.8988
frxUSDJPY	2012-11-08 02:02:38	79.893	79.897	79.895	79.8952
frxUSDJPY	2012-11-08 02:02:39	79.89	79.92	79.901	79.9014
frxUSDJPY	2012-11-08 02:02:42	79.888	79.897	79.895	79.8954
frxUSDJPY	2012-11-08 02:02:43	79.892	79.898	79.894	79.8944
frxUSDJPY	2012-11-08 02:02:46	79.889	79.898	79.891	79.8918
frxUSDJPY	2012-11-08 02:02:47	79.883	79.907	79.895	79.8958
frxUSDJPY	2012-11-08 02:02:49	79.892	79.902	79.897	79.8974
frxUSDJPY	2012-11-08 02:02:51	79.893	79.903	79.897	79.8974
frxUSDJPY	2012-11-08 02:02:54	79.893	79.902	79.899	79.8999
frxUSDJPY	2012-11-08 02:02:55	79.892	79.904	79.898	79.8982
frxUSDJPY	2012-11-08 02:02:56	79.893	79.901	79.897	79.8971
frxUSDJPY	2012-11-08 02:02:57	79.897	79.898	79.898	79.898
frxUSDJPY	2012-11-08 02:02:58	79.885	79.909	79.897	79.8978
frxUSDJPY	2012-11-08 02:02:59	79.893	79.903	79.899	79.8995
frxUSDJPY	2012-11-08 02:03:01	79.888	79.897	79.892	79.8922
frxUSDJPY	2012-11-08 02:03:02	79.87	79.91	79.891	79.8918
frxUSDJPY	2012-11-08 02:03:04	79.886	79.897	79.891	79.8917
frxUSDJPY	2012-11-08 02:03:05	79.88	79.91	79.893	79.8932
frxUSDJPY	2012-11-08 02:03:06	79.89	79.92	79.9	79.9001
frxUSDJPY	2012-11-08 02:03:07	79.887	79.896	79.895	79.8959
frxUSDJPY	2012-11-08 02:03:08	79.89	79.9	79.894	79.8941
frxUSDJPY	2012-11-08 02:03:09	79.883	79.907	79.895	79.8953
frxUSDJPY	2012-11-08 02:03:10	79.893	79.893	79.894	79.8944
frxUSDJPY	2012-11-08 02:03:11	79.887	79.897	79.892	79.8921
frxUSDJPY	2012-11-08 02:03:12	79.89	79.92	79.9	79.9003
frxUSDJPY	2012-11-08 02:03:15	79.88	79.91	79.896	79.8963
frxUSDJPY	2012-11-08 02:03:16	79.885	79.901	79.893	79.8931
frxUSDJPY	2012-11-08 02:03:17	79.89	79.92	79.9	79.9
frxUSDJPY	2012-11-08 02:03:18	79.88	79.91	79.897	79.8979
frxUSDJPY	2012-11-08 02:03:19	79.89	79.92	79.901	79.901
frxUSDJPY	2012-11-08 02:03:22	79.891	79.891	79.893	79.8931
frxUSDJPY	2012-11-08 02:03:23	79.878	79.903	79.891	79.8912
frxUSDJPY	2012-11-08 02:03:27	79.88	79.91	79.897	79.897
frxUSDJPY	2012-11-08 02:03:29	79.892	79.893	79.893	79.8936
frxUSDJPY	2012-11-08 02:03:30	79.89	79.898	79.894	79.8945
frxUSDJPY	2012-11-08 02:03:31	79.89	79.92	79.902	79.9021
frxUSDJPY	2012-11-08 02:03:32	79.891	79.893	79.893	79.8933
frxUSDJPY	2012-11-08 02:03:33	79.89	79.92	79.901	79.9017
frxUSDJPY	2012-11-08 02:03:34	79.889	79.895	79.894	79.8945
frxUSDJPY	2012-11-08 02:03:35	79.89	79.92	79.9	79.9001
frxUSDJPY	2012-11-08 02:03:38	79.892	79.899	79.894	79.8945
frxUSDJPY	2012-11-08 02:03:41	79.892	79.898	79.897	79.8971
frxUSDJPY	2012-11-08 02:03:42	79.88	79.91	79.896	79.8965
frxUSDJPY	2012-11-08 02:03:45	79.887	79.898	79.893	79.8936
frxUSDJPY	2012-11-08 02:03:53	79.887	79.897	79.892	79.8925
frxUSDJPY	2012-11-08 02:03:56	79.888	79.896	79.892	79.8924
frxUSDJPY	2012-11-08 02:03:59	79.884	79.9	79.894	79.8947
frxUSDJPY	2012-11-08 02:04:00	79.889	79.891	79.891	79.8912
frxUSDJPY	2012-11-08 02:04:01	79.878	79.902	79.89	79.8909
frxUSDJPY	2012-11-08 02:04:03	79.89	79.92	79.899	79.8998
frxUSDJPY	2012-11-08 02:04:04	79.887	79.895	79.894	79.8943
frxUSDJPY	2012-11-08 02:04:05	79.88	79.905	79.892	79.8929
frxUSDJPY	2012-11-08 02:04:06	79.89	79.92	79.9	79.9006
frxUSDJPY	2012-11-08 02:04:08	79.88	79.92	79.9	79.9004
frxUSDJPY	2012-11-08 02:04:11	79.89	79.92	79.9	79.9007
frxUSDJPY	2012-11-08 02:04:12	79.885	79.902	79.893	79.8938
frxUSDJPY	2012-11-08 02:04:13	79.891	79.893	79.892	79.8928
frxUSDJPY	2012-11-08 02:04:14	79.89	79.92	79.9	79.9009
frxUSDJPY	2012-11-08 02:04:16	79.89	79.92	79.901	79.9016
frxUSDJPY	2012-11-08 02:04:19	79.892	79.894	79.896	79.896
frxUSDJPY	2012-11-08 02:04:20	79.88	79.91	79.894	79.8947
frxUSDJPY	2012-11-08 02:04:22	79.89	79.92	79.901	79.901
frxUSDJPY	2012-11-08 02:04:29	79.887	79.899	79.897	79.8972
frxUSDJPY	2012-11-08 02:04:30	79.88	79.91	79.896	79.896
frxUSDJPY	2012-11-08 02:04:31	79.887	79.897	79.892	79.8927
frxUSDJPY	2012-11-08 02:04:32	79.89	79.92	79.9	79.9002
frxUSDJPY	2012-11-08 02:04:33	79.884	79.9	79.895	79.8956
frxUSDJPY	2012-11-08 02:04:34	79.887	79.896	79.891	79.8918
frxUSDJPY	2012-11-08 02:04:35	79.878	79.902	79.891	79.891
frxUSDJPY	2012-11-08 02:04:40	79.888	79.895	79.891	79.8915
frxUSDJPY	2012-11-08 02:04:41	79.891	79.892	79.891	79.8918
frxUSDJPY	2012-11-08 02:04:42	79.878	79.902	79.891	79.8911
frxUSDJPY	2012-11-08 02:04:49	79.89	79.92	79.9	79.9002
frxUSDJPY	2012-11-08 02:04:53	79.87	79.92	79.897	79.8971
frxUSDJPY	2012-11-08 02:04:55	79.88	79.91	79.896	79.8965
frxUSDJPY	2012-11-08 02:04:58	79.887	79.895	79.891	79.8919
frxUSDJPY	2012-11-08 02:04:59	79.891	79.892	79.892	79.8927
frxUSDJPY	2012-11-08 02:05:00	79.89	79.92	79.9	79.9009
frxUSDJPY	2012-11-08 02:05:01	79.88	79.91	79.897	79.8979
frxUSDJPY	2012-11-08 02:05:02	79.89	79.92	79.902	79.9028
frxUSDJPY	2012-11-08 02:05:07	79.884	79.9	79.895	79.8959
frxUSDJPY	2012-11-08 02:05:10	79.886	79.895	79.894	79.8942
frxUSDJPY	2012-11-08 02:05:11	79.885	79.896	79.892	79.8924
frxUSDJPY	2012-11-08 02:05:13	79.89	79.92	79.9	79.9009
frxUSDJPY	2012-11-08 02:05:15	79.88	79.91	79.894	79.8942
frxUSDJPY	2012-11-08 02:05:17	79.89	79.92	79.899	79.8991
frxUSDJPY	2012-11-08 02:05:19	79.891	79.893	79.892	79.8922
frxUSDJPY	2012-11-08 02:05:20	79.89	79.892	79.891	79.8919
frxUSDJPY	2012-11-08 02:05:21	79.878	79.903	79.892	79.8927
frxUSDJPY	2012-11-08 02:05:22	79.887	79.895	79.894	79.8941
frxUSDJPY	2012-11-08 02:05:23	79.878	79.903	79.891	79.8911
frxUSDJPY	2012-11-08 02:05:24	79.88	79.91	79.893	79.8939
frxUSDJPY	2012-11-08 02:05:28	79.89	79.92	79.902	79.9023
frxUSDJPY	2012-11-08 02:05:29	79.886	79.897	79.895	79.8954
frxUSDJPY	2012-11-08 02:05:30	79.88	79.91	79.894	79.8941
frxUSDJPY	2012-11-08 02:05:36	79.887	79.894	79.892	79.8922
frxUSDJPY	2012-11-08 02:05:37	79.885	79.887	79.886	79.8866
frxUSDJPY	2012-11-08 02:05:39	79.881	79.892	79.886	79.8864
frxUSDJPY	2012-11-08 02:05:40	79.883	79.892	79.888	79.8884
frxUSDJPY	2012-11-08 02:05:42	79.884	79.892	79.888	79.8887
frxUSDJPY	2012-11-08 02:05:43	79.874	79.9	79.888	79.8883
frxUSDJPY	2012-11-08 02:05:44	79.886	79.888	79.888	79.8881
frxUSDJPY	2012-11-08 02:05:50	79.881	79.892	79.886	79.8867
frxUSDJPY	2012-11-08 02:05:52	79.883	79.891	79.887	79.8875
frxUSDJPY	2012-11-08 02:05:53	79.883	79.89	79.887	79.8871
frxUSDJPY	2012-11-08 02:05:55	79.883	79.892	79.888	79.8883
frxUSDJPY	2012-11-08 02:05:56	79.886	79.888	79.887	79.8872
frxUSDJPY	2012-11-08 02:05:57	79.875	79.9	79.887	79.887
frxUSDJPY	2012-11-08 02:05:58	79.882	79.897	79.889	79.8892
frxUSDJPY	2012-11-08 02:06:03	79.883	79.893	79.887	79.8878
frxUSDJPY	2012-11-08 02:06:04	79.87	79.9	79.886	79.8864
frxUSDJPY	2012-11-08 02:06:05	79.883	79.892	79.887	79.8871
frxUSDJPY	2012-11-08 02:06:06	79.876	79.9	79.888	79.8889
frxUSDJPY	2012-11-08 02:06:08	79.884	79.894	79.89	79.8909
frxUSDJPY	2012-11-08 02:06:10	79.884	79.894	79.889	79.8899
frxUSDJPY	2012-11-08 02:06:11	79.889	79.897	79.893	79.893
frxUSDJPY	2012-11-08 02:06:13	79.889	79.898	79.893	79.8934
frxUSDJPY	2012-11-08 02:06:15	79.885	79.902	79.893	79.8939
frxUSDJPY	2012-11-08 02:06:16	79.889	79.897	79.893	79.893
frxUSDJPY	2012-11-08 02:06:17	79.887	79.897	79.892	79.8929
frxUSDJPY	2012-11-08 02:06:20	79.887	79.897	79.892	79.8926
frxUSDJPY	2012-11-08 02:06:28	79.88	79.94	79.907	79.9074
frxUSDJPY	2012-11-08 02:06:31	79.887	79.898	79.896	79.8967
frxUSDJPY	2012-11-08 02:06:36	79.89	79.92	79.901	79.9016
frxUSDJPY	2012-11-08 02:06:37	79.885	79.898	79.895	79.8959
frxUSDJPY	2012-11-08 02:06:38	79.876	79.9	79.888	79.888
frxUSDJPY	2012-11-08 02:06:40	79.884	79.893	79.889	79.8898
frxUSDJPY	2012-11-08 02:06:42	79.885	79.89	79.888	79.8889
frxUSDJPY	2012-11-08 02:06:43	79.883	79.892	79.888	79.8888
frxUSDJPY	2012-11-08 02:06:44	79.85	79.9	79.88	79.8801
frxUSDJPY	2012-11-08 02:06:45	79.883	79.893	79.885	79.8851
frxUSDJPY	2012-11-08 02:06:47	79.883	79.893	79.887	79.8876
frxUSDJPY	2012-11-08 02:06:48	79.882	79.893	79.887	79.8876
frxUSDJPY	2012-11-08 02:06:52	79.882	79.896	79.889	79.8897
frxUSDJPY	2012-11-08 02:06:53	79.883	79.892	79.887	79.8872
frxUSDJPY	2012-11-08 02:06:54	79.881	79.891	79.886	79.8866
frxUSDJPY	2012-11-08 02:06:57	79.86	79.92	79.889	79.8898
frxUSDJPY	2012-11-08 02:06:59	79.87	79.9	79.885	79.8854
frxUSDJPY	2012-11-08 02:07:00	79.881	79.889	79.885	79.8853
frxUSDJPY	2012-11-08 02:07:01	79.881	79.886	79.883	79.8838
frxUSDJPY	2012-11-08 02:07:02	79.873	79.882	79.88	79.8804
frxUSDJPY	2012-11-08 02:07:04	79.865	79.889	79.877	79.8775
frxUSDJPY	2012-11-08 02:07:07	79.86	79.9	79.877	79.8775
frxUSDJPY	2012-11-08 02:07:08	79.865	79.881	79.873	79.8731
frxUSDJPY	2012-11-08 02:07:09	79.87	79.9	79.88	79.8808
frxUSDJPY	2012-11-08 02:07:10	79.86	79.884	79.872	79.8727
frxUSDJPY	2012-11-08 02:07:11	79.87	79.872	79.872	79.8724
frxUSDJPY	2012-11-08 02:07:13	79.861	79.869	79.865	79.8657
frxUSDJPY	2012-11-08 02:07:14	79.83	79.88	79.859	79.8592
frxUSDJPY	2012-11-08 02:07:15	79.862	79.87	79.866	79.8662
frxUSDJPY	2012-11-08 02:07:17	79.865	79.872	79.868	79.8685
frxUSDJPY	2012-11-08 02:07:19	79.867	79.87	79.868	79.8686
frxUSDJPY	2012-11-08 02:07:21	79.869	79.871	79.869	79.869
frxUSDJPY	2012-11-08 02:07:22	79.868	79.877	79.872	79.872
frxUSDJPY	2012-11-08 02:07:23	79.862	79.88	79.871	79.8718
frxUSDJPY	2012-11-08 02:07:24	79.865	79.877	79.871	79.8712
frxUSDJPY	2012-11-08 02:07:25	79.866	79.877	79.871	79.8712
frxUSDJPY	2012-11-08 02:07:27	79.868	79.877	79.872	79.8726
frxUSDJPY	2012-11-08 02:07:33	79.871	79.871	79.871	79.8713
frxUSDJPY	2012-11-08 02:07:34	79.867	79.876	79.871	79.8712
frxUSDJPY	2012-11-08 02:07:35	79.867	79.876	79.871	79.8718
frxUSDJPY	2012-11-08 02:07:36	79.87	79.9	79.879	79.8795
frxUSDJPY	2012-11-08 02:07:37	79.865	79.874	79.872	79.8722
frxUSDJPY	2012-11-08 02:07:38	79.866	79.869	79.868	79.8682
frxUSDJPY	2012-11-08 02:07:39	79.855	79.879	79.867	79.8674
frxUSDJPY	2012-11-08 02:07:40	79.866	79.866	79.866	79.8668
frxUSDJPY	2012-11-08 02:07:41	79.84	79.89	79.867	79.8676
frxUSDJPY	2012-11-08 02:07:43	79.86	79.872	79.866	79.866
frxUSDJPY	2012-11-08 02:07:44	79.859	79.866	79.863	79.8634
frxUSDJPY	2012-11-08 02:07:45	79.861	79.87	79.865	79.8655
frxUSDJPY	2012-11-08 02:07:46	79.859	79.864	79.863	79.8638
frxUSDJPY	2012-11-08 02:07:47	79.84	79.88	79.86	79.8604
frxUSDJPY	2012-11-08 02:07:48	79.859	79.864	79.86	79.8602
frxUSDJPY	2012-11-08 02:07:49	79.851	79.868	79.86	79.8602
frxUSDJPY	2012-11-08 02:07:51	79.84	79.87	79.855	79.855
frxUSDJPY	2012-11-08 02:07:52	79.85	79.86	79.855	79.8551
frxUSDJPY	2012-11-08 02:07:53	79.851	79.86	79.856	79.8561
frxUSDJPY	2012-11-08 02:07:54	79.849	79.865	79.857	79.8572
frxUSDJPY	2012-11-08 02:07:56	79.85	79.88	79.862	79.8623
frxUSDJPY	2012-11-08 02:07:57	79.84	79.9	79.867	79.8678
frxUSDJPY	2012-11-08 02:07:58	79.85	79.88	79.863	79.8634
frxUSDJPY	2012-11-08 02:07:59	79.852	79.862	79.857	79.8575
frxUSDJPY	2012-11-08 02:08:00	79.854	79.864	79.858	79.8583
frxUSDJPY	2012-11-08 02:08:01	79.845	79.87	79.858	79.8589
frxUSDJPY	2012-11-08 02:08:03	79.852	79.868	79.86	79.86
frxUSDJPY	2012-11-08 02:08:05	79.859	79.869	79.863	79.8637
frxUSDJPY	2012-11-08 02:08:07	79.85	79.89	79.867	79.8678
frxUSDJPY	2012-11-08 02:08:09	79.859	79.869	79.864	79.8646
frxUSDJPY	2012-11-08 02:08:12	79.86	79.866	79.864	79.864
frxUSDJPY	2012-11-08 02:08:13	79.86	79.89	79.871	79.871
frxUSDJPY	2012-11-08 02:08:14	79.856	79.872	79.867	79.8678
frxUSDJPY	2012-11-08 02:08:15	79.853	79.877	79.865	79.865
frxUSDJPY	2012-11-08 02:08:16	79.857	79.872	79.866	79.8664
frxUSDJPY	2012-11-08 02:08:20	79.862	79.869	79.868	79.8683
frxUSDJPY	2012-11-08 02:08:21	79.85	79.88	79.864	79.8642
frxUSDJPY	2012-11-08 02:08:22	79.859	79.863	79.861	79.861
frxUSDJPY	2012-11-08 02:08:23	79.859	79.861	79.86	79.8604
frxUSDJPY	2012-11-08 02:08:24	79.856	79.865	79.86	79.8601
frxUSDJPY	2012-11-08 02:08:27	79.84	79.88	79.86	79.8604
frxUSDJPY	2012-11-08 02:08:28	79.858	79.858	79.858	79.8582
frxUSDJPY	2012-11-08 02:08:30	79.84	79.87	79.853	79.8537
frxUSDJPY	2012-11-08 02:08:31	79.848	79.859	79.853	79.8534
frxUSDJPY	2012-11-08 02:08:32	79.849	79.858	79.853	79.8532
frxUSDJPY	2012-11-08 02:08:34	79.84	79.87	79.854	79.8543
frxUSDJPY	2012-11-08 02:08:37	79.84	79.864	79.852	79.8525
frxUSDJPY	2012-11-08 02:08:40	79.846	79.858	79.852	79.8521
frxUSDJPY	2012-11-08 02:08:41	79.843	79.861	79.852	79.8527
frxUSDJPY	2012-11-08 02:08:42	79.849	79.855	79.852	79.8521
frxUSDJPY	2012-11-08 02:08:46	79.848	79.856	79.852	79.8529
frxUSDJPY	2012-11-08 02:08:47	79.843	79.86	79.852	79.8524
frxUSDJPY	2012-11-08 02:08:49	79.848	79.857	79.852	79.8525
frxUSDJPY	2012-11-08 02:08:51	79.841	79.858	79.85	79.85
frxUSDJPY	2012-11-08 02:08:52	79.846	79.857	79.851	79.8516
frxUSDJPY	2012-11-08 02:08:54	79.84	79.9	79.866	79.8664
frxUSDJPY	2012-11-08 02:08:58	79.838	79.862	79.851	79.8519
frxUSDJPY	2012-11-08 02:09:00	79.848	79.859	79.853	79.8533
frxUSDJPY	2012-11-08 02:09:01	79.852	79.853	79.853	79.8533
frxUSDJPY	2012-11-08 02:09:11	79.849	79.86	79.855	79.8555
frxUSDJPY	2012-11-08 02:09:12	79.849	79.858	79.854	79.8545
frxUSDJPY	2012-11-08 02:09:15	79.848	79.858	79.853	79.8532
frxUSDJPY	2012-11-08 02:09:16	79.849	79.86	79.854	79.8549
frxUSDJPY	2012-11-08 02:09:17	79.852	79.854	79.853	79.8534
frxUSDJPY	2012-11-08 02:09:18	79.847	79.86	79.853	79.853
frxUSDJPY	2012-11-08 02:09:20	79.848	79.856	79.851	79.8518
frxUSDJPY	2012-11-08 02:09:23	79.842	79.858	79.851	79.8515
frxUSDJPY	2012-11-08 02:09:25	79.843	79.858	79.851	79.8514
frxUSDJPY	2012-11-08 02:09:28	79.847	79.857	79.852	79.8526
frxUSDJPY	2012-11-08 02:09:29	79.844	79.861	79.852	79.8529
frxUSDJPY	2012-11-08 02:09:31	79.843	79.858	79.851	79.8511
frxUSDJPY	2012-11-08 02:09:32	79.838	79.863	79.851	79.851
frxUSDJPY	2012-11-08 02:09:34	79.848	79.854	79.851	79.8518
frxUSDJPY	2012-11-08 02:09:35	79.838	79.863	79.851	79.8517
frxUSDJPY	2012-11-08 02:09:36	79.849	79.856	79.852	79.8524
frxUSDJPY	2012-11-08 02:09:38	79.85	79.88	79.86	79.8602
frxUSDJPY	2012-11-08 02:09:40	79.852	79.853	79.854	79.8541
frxUSDJPY	2012-11-08 02:09:41	79.838	79.862	79.851	79.8518
frxUSDJPY	2012-11-08 02:09:42	79.843	79.86	79.853	79.8538
frxUSDJPY	2012-11-08 02:09:43	79.852	79.854	79.853	79.8531
frxUSDJPY	2012-11-08 02:09:44	79.848	79.859	79.856	79.8562
frxUSDJPY	2012-11-08 02:09:45	79.848	79.858	79.853	79.8536
frxUSDJPY	2012-11-08 02:09:46	79.85	79.88	79.86	79.8606
frxUSDJPY	2012-11-08 02:09:47	79.839	79.865	79.853	79.8532
frxUSDJPY	2012-11-08 02:09:49	79.848	79.858	79.853	79.8537
frxUSDJPY	2012-11-08 02:09:50	79.85	79.88	79.86	79.8604
frxUSDJPY	2012-11-08 02:09:51	79.848	79.855	79.852	79.8525
frxUSDJPY	2012-11-08 02:09:54	79.847	79.856	79.853	79.853
frxUSDJPY	2012-11-08 02:09:55	79.84	79.87	79.857	79.8575
frxUSDJPY	2012-11-08 02:09:58	79.83	79.88	79.856	79.8567
frxUSDJPY	2012-11-08 02:09:59	79.848	79.856	79.854	79.8545
frxUSDJPY	2012-11-08 02:10:01	79.844	79.86	79.851	79.8512
frxUSDJPY	2012-11-08 02:10:02	79.851	79.853	79.852	79.8527
frxUSDJPY	2012-11-08 02:10:03	79.848	79.856	79.852	79.8522
frxUSDJPY	2012-11-08 02:10:07	79.853	79.853	79.853	79.8534
frxUSDJPY	2012-11-08 02:10:08	79.838	79.862	79.851	79.8518
frxUSDJPY	2012-11-08 02:10:09	79.838	79.863	79.851	79.8513
frxUSDJPY	2012-11-08 02:10:11	79.853	79.853	79.854	79.8544
frxUSDJPY	2012-11-08 02:10:15	79.845	79.859	79.852	79.8526
frxUSDJPY	2012-11-08 02:10:17	79.853	79.853	79.852	79.8528
frxUSDJPY	2012-11-08 02:10:18	79.839	79.863	79.852	79.852
frxUSDJPY	2012-11-08 02:10:20	79.85	79.88	79.861	79.861
frxUSDJPY	2012-11-08 02:10:22	79.848	79.858	79.855	79.8557
frxUSDJPY	2012-11-08 02:10:23	79.837	79.861	79.85	79.8506
frxUSDJPY	2012-11-08 02:10:24	79.849	79.857	79.852	79.8522
frxUSDJPY	2012-11-08 02:10:25	79.848	79.856	79.852	79.8524
frxUSDJPY	2012-11-08 02:10:26	79.837	79.861	79.85	79.8502
frxUSDJPY	2012-11-08 02:10:27	79.84	79.864	79.852	79.8526
frxUSDJPY	2012-11-08 02:10:28	79.84	79.87	79.857	79.8574
frxUSDJPY	2012-11-08 02:10:29	79.853	79.855	79.853	79.8538
frxUSDJPY	2012-11-08 02:10:31	79.843	79.867	79.854	79.8543
frxUSDJPY	2012-11-08 02:10:33	79.853	79.855	79.854	79.8547
frxUSDJPY	2012-11-08 02:10:34	79.84	79.864	79.852	79.8528
frxUSDJPY	2012-11-08 02:10:36	79.853	79.855	79.854	79.8549
frxUSDJPY	2012-11-08 02:10:37	79.848	79.859	79.854	79.854
frxUSDJPY	2012-11-08 02:10:38	79.847	79.864	79.855	79.8558
frxUSDJPY	2012-11-08 02:10:39	79.843	79.867	79.855	79.8557
frxUSDJPY	2012-11-08 02:10:42	79.85	79.88	79.862	79.8626
frxUSDJPY	2012-11-08 02:10:43	79.85	79.859	79.856	79.8562
frxUSDJPY	2012-11-08 02:10:48	79.85	79.858	79.854	79.8542
frxUSDJPY	2012-11-08 02:10:50	79.846	79.862	79.854	79.854
frxUSDJPY	2012-11-08 02:10:52	79.84	79.87	79.857	79.8571
frxUSDJPY	2012-11-08 02:10:54	79.85	79.88	79.861	79.8614
frxUSDJPY	2012-11-08 02:10:55	79.853	79.861	79.856	79.8564
frxUSDJPY	2012-11-08 02:10:57	79.85	79.88	79.862	79.8627
frxUSDJPY	2012-11-08 02:10:58	79.853	79.862	79.859	79.8595
frxUSDJPY	2012-11-08 02:10:59	79.84	79.87	79.857	79.8577
frxUSDJPY	2012-11-08 02:11:01	79.852	79.861	79.857	79.8579
frxUSDJPY	2012-11-08 02:11:02	79.853	79.863	79.857	79.8573
frxUSDJPY	2012-11-08 02:11:03	79.857	79.857	79.858	79.8582
frxUSDJPY	2012-11-08 02:11:04	79.85	79.88	79.862	79.8623
frxUSDJPY	2012-11-08 02:11:06	79.854	79.861	79.858	79.8582
frxUSDJPY	2012-11-08 02:11:08	79.851	79.857	79.854	79.8542
frxUSDJPY	2012-11-08 02:11:10	79.85	79.88	79.861	79.8611
frxUSDJPY	2012-11-08 02:11:11	79.85	79.859	79.857	79.8574
frxUSDJPY	2012-11-08 02:11:13	79.846	79.86	79.853	79.8537
frxUSDJPY	2012-11-08 02:11:14	79.849	79.858	79.853	79.8531
frxUSDJPY	2012-11-08 02:11:17	79.843	79.86	79.853	79.8536
frxUSDJPY	2012-11-08 02:11:19	79.85	79.88	79.86	79.86
frxUSDJPY	2012-11-08 02:11:20	79.848	79.858	79.856	79.8564
frxUSDJPY	2012-11-08 02:11:21	79.84	79.87	79.855	79.8556
frxUSDJPY	2012-11-08 02:11:22	79.85	79.88	79.861	79.8611
frxUSDJPY	2012-11-08 02:11:23	79.854	79.855	79.858	79.858
frxUSDJPY	2012-11-08 02:11:24	79.853	79.855	79.855	79.8551
frxUSDJPY	2012-11-08 02:11:25	79.845	79.861	79.854	79.854
frxUSDJPY	2012-11-08 02:11:26	79.849	79.857	79.854	79.8548
frxUSDJPY	2012-11-08 02:11:28	79.852	79.859	79.855	79.8551
frxUSDJPY	2012-11-08 02:11:29	79.849	79.859	79.854	79.8544
frxUSDJPY	2012-11-08 02:11:30	79.849	79.857	79.853	79.8533
frxUSDJPY	2012-11-08 02:11:31	79.848	79.858	79.853	79.8537
frxUSDJPY	2012-11-08 02:11:32	79.85	79.88	79.86	79.8604
frxUSDJPY	2012-11-08 02:11:33	79.84	79.86	79.854	79.854
frxUSDJPY	2012-11-08 02:11:34	79.84	79.87	79.855	79.855
frxUSDJPY	2012-11-08 02:11:35	79.85	79.857	79.854	79.8544
frxUSDJPY	2012-11-08 02:11:36	79.85	79.88	79.861	79.8613
frxUSDJPY	2012-11-08 02:11:37	79.835	79.86	79.849	79.8492
frxUSDJPY	2012-11-08 02:11:38	79.848	79.854	79.851	79.8517
frxUSDJPY	2012-11-08 02:11:39	79.849	79.85	79.85	79.8507
frxUSDJPY	2012-11-08 02:11:40	79.847	79.853	79.85	79.8505
frxUSDJPY	2012-11-08 02:11:47	79.853	79.855	79.854	79.8545
frxUSDJPY	2012-11-08 02:11:48	79.845	79.857	79.852	79.8524
frxUSDJPY	2012-11-08 02:11:51	79.82	79.88	79.851	79.851
frxUSDJPY	2012-11-08 02:11:56	79.847	79.856	79.851	79.8517
frxUSDJPY	2012-11-08 02:11:57	79.848	79.856	79.852	79.8525
frxUSDJPY	2012-11-08 02:11:58	79.83	79.88	79.854	79.8549
frxUSDJPY	2012-11-08 02:12:05	79.848	79.853	79.85	79.8506
frxUSDJPY	2012-11-08 02:12:06	79.844	79.852	79.848	79.848
frxUSDJPY	2012-11-08 02:12:09	79.842	79.855	79.848	79.8489
frxUSDJPY	2012-11-08 02:12:11	79.844	79.853	79.848	79.8489
frxUSDJPY	2012-11-08 02:12:12	79.848	79.85	79.849	79.8497
frxUSDJPY	2012-11-08 02:12:13	79.845	79.853	79.849	79.8497
frxUSDJPY	2012-11-08 02:12:15	79.845	79.852	79.849	79.8496
frxUSDJPY	2012-11-08 02:12:16	79.834	79.858	79.847	79.8472
frxUSDJPY	2012-11-08 02:12:21	79.849	79.849	79.848	79.8489
frxUSDJPY	2012-11-08 02:12:23	79.839	79.853	79.85	79.8503
frxUSDJPY	2012-11-08 02:12:25	79.831	79.855	79.844	79.8441
frxUSDJPY	2012-11-08 02:12:26	79.84	79.87	79.852	79.8524
frxUSDJPY	2012-11-08 02:12:28	79.81	79.89	79.851	79.8512
frxUSDJPY	2012-11-08 02:12:30	79.83	79.86	79.847	79.8477
frxUSDJPY	2012-11-08 02:12:34	79.839	79.855	79.847	79.8479
frxUSDJPY	2012-11-08 02:12:36	79.847	79.848	79.849	79.8492
frxUSDJPY	2012-11-08 02:12:37	79.847	79.849	79.848	79.8487
frxUSDJPY	2012-11-08 02:12:45	79.843	79.852	79.848	79.848
frxUSDJPY	2012-11-08 02:12:48	79.835	79.859	79.849	79.8494
frxUSDJPY	2012-11-08 02:12:49	79.843	79.853	79.848	79.8484
frxUSDJPY	2012-11-08 02:12:50	79.835	79.859	79.847	79.8471
frxUSDJPY	2012-11-08 02:12:51	79.839	79.856	79.847	79.8475
frxUSDJPY	2012-11-08 02:12:54	79.844	79.851	79.848	79.848
frxUSDJPY	2012-11-08 02:12:55	79.844	79.852	79.848	79.8486
frxUSDJPY	2012-11-08 02:12:57	79.843	79.854	79.848	79.8489
frxUSDJPY	2012-11-08 02:12:59	79.845	79.853	79.849	79.8498
frxUSDJPY	2012-11-08 02:13:00	79.84	79.87	79.852	79.852
frxUSDJPY	2012-11-08 02:13:01	79.844	79.853	79.85	79.8507
frxUSDJPY	2012-11-08 02:13:06	79.844	79.853	79.848	79.8482
frxUSDJPY	2012-11-08 02:13:08	79.845	79.853	79.848	79.848
frxUSDJPY	2012-11-08 02:13:17	79.82	79.88	79.85	79.8502
frxUSDJPY	2012-11-08 02:13:21	79.844	79.854	79.849	79.8498
frxUSDJPY	2012-11-08 02:13:22	79.845	79.853	79.849	79.8496
frxUSDJPY	2012-11-08 02:13:24	79.845	79.854	79.849	79.8494
frxUSDJPY	2012-11-08 02:13:29	79.835	79.86	79.847	79.8472
frxUSDJPY	2012-11-08 02:13:30	79.836	79.86	79.848	79.848
frxUSDJPY	2012-11-08 02:13:31	79.841	79.857	79.85	79.8501
frxUSDJPY	2012-11-08 02:13:33	79.848	79.859	79.854	79.8549
frxUSDJPY	2012-11-08 02:13:36	79.85	79.87	79.858	79.8587
frxUSDJPY	2012-11-08 02:13:39	79.848	79.856	79.854	79.8545
frxUSDJPY	2012-11-08 02:13:43	79.853	79.853	79.854	79.8548
frxUSDJPY	2012-11-08 02:13:46	79.85	79.88	79.86	79.8607
frxUSDJPY	2012-11-08 02:13:47	79.847	79.861	79.856	79.856
frxUSDJPY	2012-11-08 02:13:48	79.84	79.87	79.855	79.8552
frxUSDJPY	2012-11-08 02:13:49	79.849	79.858	79.855	79.8554
frxUSDJPY	2012-11-08 02:13:51	79.85	79.88	79.86	79.8607
frxUSDJPY	2012-11-08 02:13:53	79.84	79.87	79.855	79.8553
frxUSDJPY	2012-11-08 02:13:56	79.85	79.88	79.861	79.8615
frxUSDJPY	2012-11-08 02:13:58	79.83	79.88	79.857	79.8578
frxUSDJPY	2012-11-08 02:14:02	79.85	79.88	79.86	79.8607
frxUSDJPY	2012-11-08 02:14:05	79.847	79.861	79.856	79.8565
frxUSDJPY	2012-11-08 02:14:07	79.84	79.87	79.854	79.8548
frxUSDJPY	2012-11-08 02:14:08	79.847	79.858	79.853	79.8538
frxUSDJPY	2012-11-08 02:14:12	79.847	79.859	79.855	79.855
frxUSDJPY	2012-11-08 02:14:14	79.848	79.858	79.854	79.8544
frxUSDJPY	2012-11-08 02:14:17	79.848	79.859	79.855	79.8553
frxUSDJPY	2012-11-08 02:14:21	79.85	79.88	79.862	79.8626
frxUSDJPY	2012-11-08 02:14:24	79.85	79.859	79.856	79.8567
frxUSDJPY	2012-11-08 02:14:27	79.85	79.88	79.862	79.8626
frxUSDJPY	2012-11-08 02:14:29	79.854	79.863	79.859	79.8597
frxUSDJPY	2012-11-08 02:14:30	79.84	79.87	79.856	79.8566
frxUSDJPY	2012-11-08 02:14:31	79.852	79.862	79.857	79.8574
frxUSDJPY	2012-11-08 02:14:34	79.857	79.858	79.857	79.8573
frxUSDJPY	2012-11-08 02:14:35	79.85	79.861	79.856	79.8568
frxUSDJPY	2012-11-08 02:14:38	79.85	79.858	79.854	79.8543
frxUSDJPY	2012-11-08 02:14:39	79.84	79.865	79.853	79.8539
frxUSDJPY	2012-11-08 02:14:40	79.84	79.86	79.851	79.8513
frxUSDJPY	2012-11-08 02:14:41	79.849	79.858	79.853	79.8534
frxUSDJPY	2012-11-08 02:14:45	79.849	79.856	79.853	79.8535
frxUSDJPY	2012-11-08 02:14:48	79.849	79.857	79.854	79.8549
frxUSDJPY	2012-11-08 02:14:49	79.851	79.859	79.855	79.8552
frxUSDJPY	2012-11-08 02:14:50	79.851	79.859	79.855	79.8555
frxUSDJPY	2012-11-08 02:14:53	79.85	79.88	79.863	79.8637
frxUSDJPY	2012-11-08 02:14:58	79.83	79.88	79.856	79.8561
frxUSDJPY	2012-11-08 02:15:01	79.852	79.859	79.856	79.856
frxUSDJPY	2012-11-08 02:15:04	79.85	79.88	79.861	79.861
frxUSDJPY	2012-11-08 02:15:11	79.847	79.864	79.857	79.8578
frxUSDJPY	2012-11-08 02:15:13	79.851	79.86	79.856	79.856
frxUSDJPY	2012-11-08 02:15:16	79.854	79.856	79.856	79.8564
frxUSDJPY	2012-11-08 02:15:20	79.854	79.856	79.855	79.8551
frxUSDJPY	2012-11-08 02:15:21	79.85	79.86	79.855	79.8553
frxUSDJPY	2012-11-08 02:15:24	79.846	79.87	79.86	79.8606
frxUSDJPY	2012-11-08 02:15:29	79.852	79.865	79.859	79.8597
frxUSDJPY	2012-11-08 02:15:33	79.855	79.863	79.859	79.8591
frxUSDJPY	2012-11-08 02:15:34	79.858	79.866	79.862	79.8623
frxUSDJPY	2012-11-08 02:15:36	79.84	79.9	79.866	79.8663
frxUSDJPY	2012-11-08 02:15:37	79.858	79.865	79.863	79.8632
frxUSDJPY	2012-11-08 02:15:38	79.85	79.875	79.863	79.8639
frxUSDJPY	2012-11-08 02:15:39	79.85	79.88	79.867	79.8672
frxUSDJPY	2012-11-08 02:15:41	79.854	79.87	79.863	79.8632
frxUSDJPY	2012-11-08 02:15:42	79.859	79.869	79.864	79.8646
frxUSDJPY	2012-11-08 02:15:43	79.858	79.867	79.866	79.8663
frxUSDJPY	2012-11-08 02:15:44	79.859	79.869	79.864	79.8646
frxUSDJPY	2012-11-08 02:15:49	79.848	79.872	79.86	79.8603
frxUSDJPY	2012-11-08 02:15:50	79.857	79.864	79.862	79.8623
frxUSDJPY	2012-11-08 02:15:53	79.848	79.872	79.861	79.8615
frxUSDJPY	2012-11-08 02:15:54	79.857	79.868	79.863	79.863
frxUSDJPY	2012-11-08 02:15:56	79.848	79.872	79.861	79.8616
frxUSDJPY	2012-11-08 02:15:57	79.848	79.873	79.861	79.8615
frxUSDJPY	2012-11-08 02:15:59	79.848	79.873	79.862	79.8622
frxUSDJPY	2012-11-08 02:16:00	79.848	79.872	79.861	79.8617
frxUSDJPY	2012-11-08 02:16:01	79.848	79.873	79.861	79.8615
frxUSDJPY	2012-11-08 02:16:08	79.84	79.88	79.86	79.8606
frxUSDJPY	2012-11-08 02:16:15	79.86	79.89	79.872	79.8725
frxUSDJPY	2012-11-08 02:16:21	79.85	79.88	79.867	79.8679
frxUSDJPY	2012-11-08 02:16:22	79.86	79.89	79.872	79.8728
frxUSDJPY	2012-11-08 02:16:35	79.85	79.88	79.867	79.8675
frxUSDJPY	2012-11-08 02:16:37	79.862	79.864	79.866	79.8666
frxUSDJPY	2012-11-08 02:16:38	79.848	79.873	79.861	79.8614
frxUSDJPY	2012-11-08 02:16:40	79.863	79.865	79.864	79.8647
frxUSDJPY	2012-11-08 02:16:42	79.86	79.88	79.867	79.8674
frxUSDJPY	2012-11-08 02:16:43	79.86	79.89	79.872	79.8721
frxUSDJPY	2012-11-08 02:16:44	79.85	79.88	79.868	79.8689
frxUSDJPY	2012-11-08 02:16:45	79.854	79.871	79.865	79.8657
frxUSDJPY	2012-11-08 02:16:46	79.86	79.89	79.871	79.8717
frxUSDJPY	2012-11-08 02:16:50	79.859	79.866	79.866	79.8667
frxUSDJPY	2012-11-08 02:16:51	79.85	79.88	79.865	79.8652
frxUSDJPY	2012-11-08 02:16:52	79.864	79.873	79.869	79.8696
frxUSDJPY	2012-11-08 02:16:53	79.868	79.877	79.872	79.8729
frxUSDJPY	2012-11-08 02:16:54	79.855	79.88	79.868	79.868
frxUSDJPY	2012-11-08 02:16:55	79.865	79.874	79.869	79.8691
frxUSDJPY	2012-11-08 02:16:56	79.869	79.869	79.869	79.8691
frxUSDJPY	2012-11-08 02:16:59	79.86	79.877	79.87	79.8707
frxUSDJPY	2012-11-08 02:17:00	79.873	79.875	79.873	79.8738
frxUSDJPY	2012-11-08 02:17:01	79.874	79.875	79.874	79.8742
frxUSDJPY	2012-11-08 02:17:05	79.873	79.875	79.875	79.875
frxUSDJPY	2012-11-08 02:17:06	79.867	79.878	79.874	79.8742
frxUSDJPY	2012-11-08 02:17:08	79.87	79.879	79.874	79.8741
frxUSDJPY	2012-11-08 02:17:09	79.86	79.89	79.874	79.8746
frxUSDJPY	2012-11-08 02:17:10	79.87	79.9	79.881	79.8812
frxUSDJPY	2012-11-08 02:17:12	79.86	79.89	79.876	79.8764
frxUSDJPY	2012-11-08 02:17:13	79.864	79.881	79.874	79.8746
frxUSDJPY	2012-11-08 02:17:14	79.84	79.89	79.868	79.8689
frxUSDJPY	2012-11-08 02:17:15	79.86	79.92	79.881	79.8819
frxUSDJPY	2012-11-08 02:17:19	79.87	79.9	79.884	79.884
frxUSDJPY	2012-11-08 02:17:31	79.875	79.876	79.878	79.8786
frxUSDJPY	2012-11-08 02:17:34	79.874	79.876	79.875	79.8753
frxUSDJPY	2012-11-08 02:17:42	79.87	79.88	79.875	79.8759
frxUSDJPY	2012-11-08 02:17:45	79.872	79.88	79.876	79.8762
frxUSDJPY	2012-11-08 02:17:47	79.865	79.881	79.874	79.8743
frxUSDJPY	2012-11-08 02:17:48	79.868	79.874	79.873	79.873
frxUSDJPY	2012-11-08 02:17:49	79.871	79.879	79.875	79.875
frxUSDJPY	2012-11-08 02:17:51	79.87	79.88	79.875	79.875
frxUSDJPY	2012-11-08 02:17:52	79.87	79.881	79.877	79.877
frxUSDJPY	2012-11-08 02:17:53	79.872	79.88	79.877	79.8772
frxUSDJPY	2012-11-08 02:17:55	79.871	79.882	79.877	79.8774
frxUSDJPY	2012-11-08 02:17:56	79.87	79.9	79.881	79.8814
frxUSDJPY	2012-11-08 02:17:57	79.84	79.92	79.881	79.8819
frxUSDJPY	2012-11-08 02:17:59	79.86	79.89	79.878	79.8787
frxUSDJPY	2012-11-08 02:18:02	79.87	79.9	79.882	79.8822
frxUSDJPY	2012-11-08 02:18:05	79.867	79.884	79.878	79.8784
frxUSDJPY	2012-11-08 02:18:06	79.86	79.89	79.876	79.8764
frxUSDJPY	2012-11-08 02:18:08	79.87	79.9	79.881	79.8816
frxUSDJPY	2012-11-08 02:18:10	79.86	79.89	79.876	79.8763
frxUSDJPY	2012-11-08 02:18:11	79.871	79.878	79.875	79.8751
frxUSDJPY	2012-11-08 02:18:12	79.87	79.879	79.875	79.8759
frxUSDJPY	2012-11-08 02:18:13	79.877	79.879	79.877	79.8778
frxUSDJPY	2012-11-08 02:18:15	79.87	79.9	79.881	79.8816
frxUSDJPY	2012-11-08 02:18:17	79.869	79.885	79.877	79.8773
frxUSDJPY	2012-11-08 02:18:18	79.877	79.894	79.885	79.8854
frxUSDJPY	2012-11-08 02:18:19	79.88	79.9	79.888	79.888
frxUSDJPY	2012-11-08 02:18:20	79.881	79.892	79.887	79.8876
frxUSDJPY	2012-11-08 02:18:21	79.883	79.891	79.887	79.8879
frxUSDJPY	2012-11-08 02:18:22	79.886	79.888	79.887	79.8876
frxUSDJPY	2012-11-08 02:18:23	79.879	79.889	79.885	79.8856
frxUSDJPY	2012-11-08 02:18:24	79.886	79.888	79.887	79.8878
frxUSDJPY	2012-11-08 02:18:25	79.883	79.889	79.886	79.8866
frxUSDJPY	2012-11-08 02:18:27	79.887	79.889	79.888	79.8883
frxUSDJPY	2012-11-08 02:18:29	79.88	79.91	79.894	79.894
frxUSDJPY	2012-11-08 02:18:30	79.883	79.894	79.889	79.8896
frxUSDJPY	2012-11-08 02:18:31	79.888	79.89	79.889	79.889
frxUSDJPY	2012-11-08 02:18:32	79.88	79.91	79.892	79.8926
frxUSDJPY	2012-11-08 02:18:37	79.883	79.894	79.89	79.8909
frxUSDJPY	2012-11-08 02:18:39	79.894	79.894	79.893	79.8937
frxUSDJPY	2012-11-08 02:18:41	79.884	79.898	79.892	79.8924
frxUSDJPY	2012-11-08 02:18:42	79.889	79.895	79.892	79.8921
frxUSDJPY	2012-11-08 02:18:43	79.882	79.899	79.892	79.892
frxUSDJPY	2012-11-08 02:18:44	79.878	79.902	79.89	79.8903
frxUSDJPY	2012-11-08 02:18:46	79.86	79.91	79.887	79.8873
frxUSDJPY	2012-11-08 02:18:48	79.882	79.9	79.892	79.8923
frxUSDJPY	2012-11-08 02:18:50	79.876	79.9	79.889	79.8894
frxUSDJPY	2012-11-08 02:18:52	79.89	79.92	79.9	79.9008
frxUSDJPY	2012-11-08 02:18:53	79.892	79.892	79.892	79.8921
frxUSDJPY	2012-11-08 02:18:55	79.887	79.889	79.889	79.889
frxUSDJPY	2012-11-08 02:18:57	79.878	79.903	79.89	79.8908
frxUSDJPY	2012-11-08 02:18:58	79.87	79.92	79.893	79.8935
frxUSDJPY	2012-11-08 02:18:59	79.888	79.897	79.893	79.8931
frxUSDJPY	2012-11-08 02:19:00	79.885	79.889	79.889	79.889
frxUSDJPY	2012-11-08 02:19:02	79.89	79.92	79.899	79.8997
frxUSDJPY	2012-11-08 02:19:04	79.884	79.9	79.895	79.895
frxUSDJPY	2012-11-08 02:19:05	79.878	79.903	79.891	79.8914
frxUSDJPY	2012-11-08 02:19:09	79.885	79.889	79.889	79.8898
frxUSDJPY	2012-11-08 02:19:12	79.89	79.91	79.897	79.8971
frxUSDJPY	2012-11-08 02:19:13	79.884	79.898	79.893	79.8932
frxUSDJPY	2012-11-08 02:19:14	79.877	79.901	79.89	79.8905
frxUSDJPY	2012-11-08 02:19:18	79.88	79.9	79.889	79.8897
frxUSDJPY	2012-11-08 02:19:20	79.88	79.889	79.885	79.8855
frxUSDJPY	2012-11-08 02:19:26	79.879	79.889	79.884	79.884
frxUSDJPY	2012-11-08 02:19:30	79.884	79.887	79.885	79.8858
frxUSDJPY	2012-11-08 02:19:33	79.883	79.886	79.885	79.8852
frxUSDJPY	2012-11-08 02:19:35	79.885	79.892	79.888	79.8889
frxUSDJPY	2012-11-08 02:19:39	79.888	79.898	79.892	79.8926
frxUSDJPY	2012-11-08 02:19:42	79.893	79.894	79.893	79.8937
frxUSDJPY	2012-11-08 02:19:43	79.886	79.901	79.893	79.893
frxUSDJPY	2012-11-08 02:19:44	79.888	79.897	79.894	79.8943
frxUSDJPY	2012-11-08 02:19:46	79.878	79.903	79.891	79.8914
frxUSDJPY	2012-11-08 02:19:47	79.888	79.897	79.892	79.8927
frxUSDJPY	2012-11-08 02:19:49	79.883	79.9	79.892	79.8927
frxUSDJPY	2012-11-08 02:19:50	79.89	79.92	79.9	79.9
frxUSDJPY	2012-11-08 02:19:51	79.892	79.893	79.892	79.892
frxUSDJPY	2012-11-08 02:19:57	79.86	79.94	79.899	79.8993
frxUSDJPY	2012-11-08 02:19:58	79.87	79.92	79.897	79.8978
frxUSDJPY	2012-11-08 02:20:00	79.893	79.893	79.894	79.8941
frxUSDJPY	2012-11-08 02:20:02	79.878	79.903	79.891	79.891
frxUSDJPY	2012-11-08 02:20:03	79.888	79.898	79.893	79.8934
frxUSDJPY	2012-11-08 02:20:04	79.88	79.904	79.893	79.8939
frxUSDJPY	2012-11-08 02:20:05	79.88	79.92	79.898	79.8987
frxUSDJPY	2012-11-08 02:20:06	79.88	79.91	79.893	79.8934
frxUSDJPY	2012-11-08 02:20:07	79.883	79.901	79.893	79.8936
frxUSDJPY	2012-11-08 02:20:09	79.886	79.901	79.896	79.8961
frxUSDJPY	2012-11-08 02:20:10	79.883	79.907	79.895	79.8957
frxUSDJPY	2012-11-08 02:20:11	79.89	79.9	79.893	79.8938
frxUSDJPY	2012-11-08 02:20:13	79.893	79.894	79.894	79.8946
frxUSDJPY	2012-11-08 02:20:14	79.879	79.896	79.888	79.8885
frxUSDJPY	2012-11-08 02:20:17	79.88	79.91	79.891	79.8912
frxUSDJPY	2012-11-08 02:20:19	79.88	79.91	79.892	79.892
frxUSDJPY	2012-11-08 02:20:22	79.87	79.9	79.885	79.8857
frxUSDJPY	2012-11-08 02:20:24	79.88	79.91	79.891	79.8917
frxUSDJPY	2012-11-08 02:20:27	79.85	79.93	79.89	79.8907
frxUSDJPY	2012-11-08 02:20:29	79.886	79.888	79.888	79.8889
frxUSDJPY	2012-11-08 02:20:31	79.88	79.91	79.892	79.8921
frxUSDJPY	2012-11-08 02:20:33	79.882	79.888	79.888	79.8883
frxUSDJPY	2012-11-08 02:20:35	79.87	79.9	79.886	79.8864
frxUSDJPY	2012-11-08 02:20:36	79.882	79.894	79.888	79.8881
frxUSDJPY	2012-11-08 02:20:37	79.886	79.889	79.889	79.8895
frxUSDJPY	2012-11-08 02:20:39	79.894	79.894	79.893	79.8931
frxUSDJPY	2012-11-08 02:20:42	79.889	79.896	79.893	79.8935
frxUSDJPY	2012-11-08 02:20:43	79.89	79.92	79.899	79.8991
frxUSDJPY	2012-11-08 02:20:44	79.878	79.903	79.891	79.8918
frxUSDJPY	2012-11-08 02:20:46	79.886	79.896	79.891	79.8914
frxUSDJPY	2012-11-08 02:20:47	79.882	79.9	79.891	79.8916
frxUSDJPY	2012-11-08 02:20:48	79.881	79.9	79.891	79.8911
frxUSDJPY	2012-11-08 02:20:55	79.87	79.92	79.893	79.8935
frxUSDJPY	2012-11-08 02:20:58	79.86	79.94	79.898	79.8988
frxUSDJPY	2012-11-08 02:21:08	79.878	79.902	79.891	79.8918
frxUSDJPY	2012-11-08 02:21:09	79.878	79.903	79.891	79.8915
frxUSDJPY	2012-11-08 02:21:11	79.878	79.902	79.89	79.8907
frxUSDJPY	2012-11-08 02:21:17	79.884	79.9	79.891	79.891
frxUSDJPY	2012-11-08 02:21:18	79.888	79.896	79.892	79.8921
frxUSDJPY	2012-11-08 02:21:23	79.887	79.896	79.892	79.8928
frxUSDJPY	2012-11-08 02:21:25	79.878	79.902	79.89	79.8909
frxUSDJPY	2012-11-08 02:21:27	79.882	79.9	79.891	79.891
frxUSDJPY	2012-11-08 02:21:28	79.888	79.897	79.892	79.8925
frxUSDJPY	2012-11-08 02:21:31	79.878	79.903	79.891	79.8918
frxUSDJPY	2012-11-08 02:21:32	79.878	79.902	79.89	79.8906
frxUSDJPY	2012-11-08 02:21:33	79.878	79.903	79.89	79.8908
frxUSDJPY	2012-11-08 02:21:36	79.888	79.895	79.891	79.8919
frxUSDJPY	2012-11-08 02:21:43	79.86	79.92	79.89	79.8905
frxUSDJPY	2012-11-08 02:21:46	79.883	79.899	79.891	79.8913
frxUSDJPY	2012-11-08 02:21:48	79.883	79.9	79.891	79.8914
frxUSDJPY	2012-11-08 02:21:54	79.886	79.897	79.891	79.8912
frxUSDJPY	2012-11-08 02:21:55	79.887	79.896	79.892	79.8926
frxUSDJPY	2012-11-08 02:21:56	79.88	79.92	79.897	79.8976
frxUSDJPY	2012-11-08 02:21:58	79.86	79.94	79.898	79.8988
frxUSDJPY	2012-11-08 02:22:04	79.888	79.896	79.895	79.895
frxUSDJPY	2012-11-08 02:22:06	79.87	79.91	79.892	79.8929
frxUSDJPY	2012-11-08 02:22:08	79.88	79.91	79.893	79.8939
frxUSDJPY	2012-11-08 02:22:13	79.882	79.899	79.891	79.8919
frxUSDJPY	2012-11-08 02:22:15	79.886	79.889	79.889	79.8899
frxUSDJPY	2012-11-08 02:22:16	79.878	79.902	79.89	79.8904
frxUSDJPY	2012-11-08 02:22:20	79.888	79.897	79.891	79.8913
frxUSDJPY	2012-11-08 02:22:21	79.892	79.892	79.893	79.8937
frxUSDJPY	2012-11-08 02:22:27	79.85	79.93	79.891	79.8911
frxUSDJPY	2012-11-08 02:22:41	79.89	79.92	79.901	79.9015
frxUSDJPY	2012-11-08 02:22:44	79.887	79.897	79.895	79.8957
frxUSDJPY	2012-11-08 02:22:45	79.88	79.905	79.892	79.8923
frxUSDJPY	2012-11-08 02:22:47	79.884	79.9	79.892	79.8925
frxUSDJPY	2012-11-08 02:22:50	79.884	79.898	79.894	79.8945
frxUSDJPY	2012-11-08 02:22:51	79.884	79.885	79.886	79.8867
frxUSDJPY	2012-11-08 02:22:53	79.873	79.897	79.885	79.8853
frxUSDJPY	2012-11-08 02:22:56	79.883	79.891	79.887	79.8872
frxUSDJPY	2012-11-08 02:22:57	79.89	79.891	79.889	79.8899
frxUSDJPY	2012-11-08 02:22:59	79.87	79.9	79.887	79.8876
frxUSDJPY	2012-11-08 02:23:07	79.879	79.896	79.888	79.8885
frxUSDJPY	2012-11-08 02:23:13	79.88	79.897	79.891	79.8917
frxUSDJPY	2012-11-08 02:23:19	79.889	79.891	79.889	79.8894
frxUSDJPY	2012-11-08 02:23:27	79.881	79.896	79.889	79.8892
frxUSDJPY	2012-11-08 02:23:28	79.86	79.94	79.896	79.8964
frxUSDJPY	2012-11-08 02:23:30	79.87	79.91	79.891	79.8916
frxUSDJPY	2012-11-08 02:23:31	79.882	79.898	79.89	79.8906
frxUSDJPY	2012-11-08 02:23:33	79.878	79.902	79.89	79.8902
frxUSDJPY	2012-11-08 02:23:34	79.877	79.901	79.89	79.8908
frxUSDJPY	2012-11-08 02:23:40	79.877	79.901	79.889	79.8893
frxUSDJPY	2012-11-08 02:23:42	79.878	79.902	79.89	79.8905
frxUSDJPY	2012-11-08 02:23:46	79.87	79.9	79.887	79.8874
frxUSDJPY	2012-11-08 02:23:48	79.878	79.902	79.889	79.8892
frxUSDJPY	2012-11-08 02:23:50	79.877	79.901	79.889	79.8899
frxUSDJPY	2012-11-08 02:23:51	79.878	79.902	79.89	79.8908
frxUSDJPY	2012-11-08 02:23:52	79.88	79.91	79.896	79.8965
frxUSDJPY	2012-11-08 02:23:53	79.877	79.901	79.891	79.8911
frxUSDJPY	2012-11-08 02:23:54	79.877	79.902	79.89	79.8906
frxUSDJPY	2012-11-08 02:23:57	79.877	79.902	79.89	79.8906
frxUSDJPY	2012-11-08 02:23:58	79.88	79.91	79.896	79.8964
frxUSDJPY	2012-11-08 02:23:59	79.877	79.902	79.891	79.8913
frxUSDJPY	2012-11-08 02:24:01	79.878	79.902	79.89	79.8905
frxUSDJPY	2012-11-08 02:24:02	79.881	79.899	79.89	79.8901
frxUSDJPY	2012-11-08 02:24:03	79.878	79.902	79.89	79.8904
frxUSDJPY	2012-11-08 02:24:05	79.878	79.902	79.89	79.8905
frxUSDJPY	2012-11-08 02:24:06	79.877	79.902	79.89	79.8909
frxUSDJPY	2012-11-08 02:24:07	79.878	79.902	79.89	79.8908
frxUSDJPY	2012-11-08 02:24:08	79.877	79.902	79.89	79.8908
frxUSDJPY	2012-11-08 02:24:10	79.885	79.897	79.89	79.8904
frxUSDJPY	2012-11-08 02:24:11	79.878	79.902	79.89	79.8905
frxUSDJPY	2012-11-08 02:24:12	79.882	79.899	79.89	79.8902
frxUSDJPY	2012-11-08 02:24:15	79.878	79.902	79.89	79.8901
frxUSDJPY	2012-11-08 02:24:16	79.877	79.902	79.89	79.8904
frxUSDJPY	2012-11-08 02:24:17	79.878	79.902	79.89	79.8901
frxUSDJPY	2012-11-08 02:24:18	79.877	79.902	79.89	79.8905
frxUSDJPY	2012-11-08 02:24:21	79.878	79.902	79.89	79.8901
frxUSDJPY	2012-11-08 02:24:25	79.877	79.901	79.889	79.8891
frxUSDJPY	2012-11-08 02:24:26	79.878	79.902	79.89	79.8908
frxUSDJPY	2012-11-08 02:24:27	79.85	79.93	79.89	79.8906
frxUSDJPY	2012-11-08 02:24:28	79.887	79.895	79.891	79.8918
frxUSDJPY	2012-11-08 02:24:29	79.883	79.899	79.891	79.8916
frxUSDJPY	2012-11-08 02:24:30	79.89	79.892	79.89	79.8908
frxUSDJPY	2012-11-08 02:24:32	79.88	79.91	79.893	79.8934
frxUSDJPY	2012-11-08 02:24:33	79.877	79.902	79.89	79.89
frxUSDJPY	2012-11-08 02:24:37	79.886	79.895	79.89	79.8901
frxUSDJPY	2012-11-08 02:24:39	79.877	79.902	79.89	79.8908
frxUSDJPY	2012-11-08 02:24:40	79.882	79.9	79.891	79.8919
frxUSDJPY	2012-11-08 02:24:41	79.878	79.902	79.89	79.8902
frxUSDJPY	2012-11-08 02:24:46	79.884	79.9	79.891	79.891
frxUSDJPY	2012-11-08 02:24:47	79.891	79.892	79.892	79.8925
frxUSDJPY	2012-11-08 02:24:54	79.893	79.895	79.892	79.8929
frxUSDJPY	2012-11-08 02:24:55	79.893	79.894	79.893	79.8932
frxUSDJPY	2012-11-08 02:24:56	79.89	79.92	79.9	79.9008
frxUSDJPY	2012-11-08 02:24:57	79.86	79.94	79.899	79.8999
frxUSDJPY	2012-11-08 02:24:58	79.892	79.894	79.896	79.8965
frxUSDJPY	2012-11-08 02:24:59	79.879	79.903	79.894	79.8945
frxUSDJPY	2012-11-08 02:25:00	79.884	79.899	79.893	79.8937
frxUSDJPY	2012-11-08 02:25:03	79.88	79.905	79.893	79.893
frxUSDJPY	2012-11-08 02:25:04	79.884	79.9	79.892	79.8926
frxUSDJPY	2012-11-08 02:25:05	79.88	79.904	79.892	79.892
frxUSDJPY	2012-11-08 02:25:06	79.89	79.92	79.902	79.9022
frxUSDJPY	2012-11-08 02:25:08	79.882	79.906	79.894	79.8945
frxUSDJPY	2012-11-08 02:25:09	79.88	79.91	79.895	79.8952
frxUSDJPY	2012-11-08 02:25:12	79.89	79.92	79.901	79.9018
frxUSDJPY	2012-11-08 02:25:15	79.886	79.903	79.895	79.8954
frxUSDJPY	2012-11-08 02:25:16	79.895	79.896	79.895	79.895
frxUSDJPY	2012-11-08 02:25:17	79.882	79.907	79.894	79.8946
frxUSDJPY	2012-11-08 02:25:18	79.88	79.92	79.899	79.8992
frxUSDJPY	2012-11-08 02:25:28	79.85	79.93	79.892	79.8925
frxUSDJPY	2012-11-08 02:25:32	79.89	79.91	79.897	79.8972
frxUSDJPY	2012-11-08 02:25:33	79.89	79.92	79.9	79.9007
frxUSDJPY	2012-11-08 02:25:35	79.88	79.94	79.906	79.9063
frxUSDJPY	2012-11-08 02:25:39	79.888	79.903	79.899	79.8993
frxUSDJPY	2012-11-08 02:25:40	79.895	79.896	79.897	79.8978
frxUSDJPY	2012-11-08 02:25:41	79.88	79.91	79.895	79.8954
frxUSDJPY	2012-11-08 02:25:42	79.89	79.92	79.901	79.9017
frxUSDJPY	2012-11-08 02:25:45	79.88	79.91	79.897	79.8972
frxUSDJPY	2012-11-08 02:25:50	79.888	79.905	79.897	79.897
frxUSDJPY	2012-11-08 02:25:51	79.891	79.901	79.896	79.8967
frxUSDJPY	2012-11-08 02:25:52	79.891	79.9	79.898	79.8981
frxUSDJPY	2012-11-08 02:25:54	79.892	79.899	79.896	79.8961
frxUSDJPY	2012-11-08 02:25:55	79.892	79.9	79.896	79.8967
frxUSDJPY	2012-11-08 02:25:56	79.893	79.902	79.897	79.8973
frxUSDJPY	2012-11-08 02:25:57	79.894	79.902	79.898	79.8989
frxUSDJPY	2012-11-08 02:25:58	79.893	79.902	79.897	79.8974
frxUSDJPY	2012-11-08 02:25:59	79.89	79.92	79.901	79.9015
frxUSDJPY	2012-11-08 02:26:00	79.893	79.9	79.898	79.898
frxUSDJPY	2012-11-08 02:26:02	79.885	79.91	79.897	79.8978
frxUSDJPY	2012-11-08 02:26:04	79.894	79.9	79.897	79.8979
frxUSDJPY	2012-11-08 02:26:05	79.894	79.902	79.898	79.8987
frxUSDJPY	2012-11-08 02:26:06	79.887	79.912	79.899	79.8999
frxUSDJPY	2012-11-08 02:26:08	79.887	79.911	79.899	79.8996
frxUSDJPY	2012-11-08 02:26:09	79.893	79.909	79.9	79.9008
frxUSDJPY	2012-11-08 02:26:10	79.887	79.913	79.9	79.9004
frxUSDJPY	2012-11-08 02:26:11	79.895	79.905	79.9	79.9009
frxUSDJPY	2012-11-08 02:26:13	79.894	79.904	79.899	79.8997
frxUSDJPY	2012-11-08 02:26:15	79.887	79.911	79.899	79.899
frxUSDJPY	2012-11-08 02:26:16	79.887	79.913	79.9	79.9003
frxUSDJPY	2012-11-08 02:26:22	79.888	79.913	79.9	79.9001
frxUSDJPY	2012-11-08 02:26:27	79.87	79.95	79.907	79.9079
frxUSDJPY	2012-11-08 02:26:29	79.888	79.912	79.901	79.901
frxUSDJPY	2012-11-08 02:26:30	79.888	79.913	79.901	79.9016
frxUSDJPY	2012-11-08 02:26:32	79.894	79.905	79.9	79.9009
frxUSDJPY	2012-11-08 02:26:33	79.887	79.911	79.899	79.8992
frxUSDJPY	2012-11-08 02:26:35	79.89	79.95	79.912	79.9122
frxUSDJPY	2012-11-08 02:26:37	79.888	79.913	79.905	79.9055
frxUSDJPY	2012-11-08 02:26:38	79.887	79.913	79.902	79.9027
frxUSDJPY	2012-11-08 02:26:39	79.896	79.902	79.9	79.9001
frxUSDJPY	2012-11-08 02:26:41	79.887	79.911	79.899	79.8993
frxUSDJPY	2012-11-08 02:26:46	79.894	79.9	79.898	79.8982
frxUSDJPY	2012-11-08 02:26:47	79.887	79.911	79.899	79.8992
frxUSDJPY	2012-11-08 02:26:48	79.894	79.905	79.899	79.8993
frxUSDJPY	2012-11-08 02:26:49	79.887	79.911	79.899	79.8996
frxUSDJPY	2012-11-08 02:26:55	79.894	79.905	79.899	79.8994
frxUSDJPY	2012-11-08 02:26:57	79.888	79.912	79.9	79.9003
frxUSDJPY	2012-11-08 02:26:58	79.89	79.92	79.906	79.9062
frxUSDJPY	2012-11-08 02:26:59	79.9	79.93	79.91	79.9105
frxUSDJPY	2012-11-08 02:27:04	79.87	79.93	79.904	79.9041
frxUSDJPY	2012-11-08 02:27:05	79.887	79.912	79.901	79.9013
frxUSDJPY	2012-11-08 02:27:06	79.89	79.92	79.903	79.9031
frxUSDJPY	2012-11-08 02:27:08	79.9	79.9	79.9	79.9006
frxUSDJPY	2012-11-08 02:27:10	79.888	79.912	79.901	79.9015
frxUSDJPY	2012-11-08 02:27:11	79.887	79.912	79.903	79.9033
frxUSDJPY	2012-11-08 02:27:12	79.896	79.902	79.9	79.9004
frxUSDJPY	2012-11-08 02:27:13	79.887	79.911	79.899	79.899
frxUSDJPY	2012-11-08 02:27:14	79.895	79.902	79.899	79.8994
frxUSDJPY	2012-11-08 02:27:15	79.9	79.9	79.899	79.899
frxUSDJPY	2012-11-08 02:27:16	79.887	79.912	79.9	79.9007
frxUSDJPY	2012-11-08 02:27:23	79.894	79.904	79.899	79.8999
frxUSDJPY	2012-11-08 02:27:25	79.887	79.912	79.899	79.8995
frxUSDJPY	2012-11-08 02:27:29	79.888	79.912	79.9	79.9007
frxUSDJPY	2012-11-08 02:27:33	79.894	79.903	79.902	79.902
frxUSDJPY	2012-11-08 02:27:34	79.887	79.912	79.904	79.9041
frxUSDJPY	2012-11-08 02:27:35	79.888	79.912	79.901	79.901
frxUSDJPY	2012-11-08 02:27:36	79.887	79.911	79.901	79.901
frxUSDJPY	2012-11-08 02:27:37	79.894	79.904	79.9	79.9007
frxUSDJPY	2012-11-08 02:27:38	79.895	79.904	79.899	79.8992
frxUSDJPY	2012-11-08 02:27:39	79.888	79.912	79.9	79.9001
frxUSDJPY	2012-11-08 02:27:40	79.87	79.92	79.897	79.8977
frxUSDJPY	2012-11-08 02:27:41	79.888	79.912	79.9	79.9
frxUSDJPY	2012-11-08 02:27:42	79.89	79.92	79.902	79.9027
frxUSDJPY	2012-11-08 02:27:43	79.895	79.905	79.901	79.9019
frxUSDJPY	2012-11-08 02:27:44	79.888	79.912	79.9	79.9006
frxUSDJPY	2012-11-08 02:27:45	79.887	79.912	79.9	79.9001
frxUSDJPY	2012-11-08 02:27:52	79.887	79.912	79.9	79.9009
frxUSDJPY	2012-11-08 02:27:53	79.895	79.906	79.9	79.9008
frxUSDJPY	2012-11-08 02:27:54	79.9	79.93	79.909	79.9095
frxUSDJPY	2012-11-08 02:27:57	79.896	79.906	79.902	79.9028
frxUSDJPY	2012-11-08 02:27:58	79.888	79.912	79.901	79.9014
frxUSDJPY	2012-11-08 02:28:01	79.892	79.91	79.901	79.9018
frxUSDJPY	2012-11-08 02:28:04	79.892	79.909	79.901	79.9012
frxUSDJPY	2012-11-08 02:28:07	79.896	79.905	79.9	79.9003
frxUSDJPY	2012-11-08 02:28:09	79.887	79.911	79.9	79.9008
frxUSDJPY	2012-11-08 02:28:16	79.893	79.906	79.9	79.9007
frxUSDJPY	2012-11-08 02:28:18	79.88	79.9	79.892	79.8929
frxUSDJPY	2012-11-08 02:28:21	79.889	79.899	79.894	79.8944
frxUSDJPY	2012-11-08 02:28:22	79.888	79.898	79.893	79.8935
frxUSDJPY	2012-11-08 02:28:23	79.891	79.892	79.894	79.8941
frxUSDJPY	2012-11-08 02:28:28	79.89	79.92	79.901	79.9012
frxUSDJPY	2012-11-08 02:28:31	79.87	79.93	79.9	79.9009
frxUSDJPY	2012-11-08 02:28:32	79.888	79.895	79.895	79.8953
frxUSDJPY	2012-11-08 02:28:33	79.884	79.894	79.889	79.8895
frxUSDJPY	2012-11-08 02:28:36	79.87	79.91	79.89	79.8902
frxUSDJPY	2012-11-08 02:28:41	79.885	79.894	79.89	79.8902
frxUSDJPY	2012-11-08 02:28:42	79.883	79.894	79.889	79.889
frxUSDJPY	2012-11-08 02:28:47	79.881	79.897	79.889	79.8891
frxUSDJPY	2012-11-08 02:28:50	79.87	79.89	79.879	79.8799
frxUSDJPY	2012-11-08 02:28:52	79.86	79.9	79.879	79.8794
frxUSDJPY	2012-11-08 02:28:57	79.873	79.88	79.877	79.8772
frxUSDJPY	2012-11-08 02:28:58	79.874	79.883	79.879	79.8798
frxUSDJPY	2012-11-08 02:28:59	79.876	79.878	79.877	79.8779
frxUSDJPY	2012-11-08 02:29:00	79.873	79.883	79.878	79.878
frxUSDJPY	2012-11-08 02:29:01	79.877	79.878	79.878	79.8785
frxUSDJPY	2012-11-08 02:29:07	79.875	79.882	79.878	79.8782
frxUSDJPY	2012-11-08 02:29:08	79.875	79.876	79.876	79.8766
frxUSDJPY	2012-11-08 02:29:11	79.86	79.88	79.872	79.8721
frxUSDJPY	2012-11-08 02:29:12	79.86	79.89	79.874	79.8742
frxUSDJPY	2012-11-08 02:29:13	79.871	79.879	79.874	79.8749
frxUSDJPY	2012-11-08 02:29:14	79.869	79.879	79.874	79.8742
frxUSDJPY	2012-11-08 02:29:16	79.87	79.9	79.882	79.8826
frxUSDJPY	2012-11-08 02:29:18	79.87	79.9	79.882	79.8823
frxUSDJPY	2012-11-08 02:29:23	79.87	79.874	79.872	79.8722
frxUSDJPY	2012-11-08 02:29:24	79.858	79.882	79.87	79.87
frxUSDJPY	2012-11-08 02:29:26	79.865	79.876	79.87	79.8705
frxUSDJPY	2012-11-08 02:29:27	79.85	79.89	79.87	79.8704
frxUSDJPY	2012-11-08 02:29:28	79.83	79.91	79.87	79.8705
frxUSDJPY	2012-11-08 02:29:30	79.85	79.88	79.867	79.8677
frxUSDJPY	2012-11-08 02:29:32	79.86	79.89	79.872	79.8725
frxUSDJPY	2012-11-08 02:29:39	79.866	79.875	79.871	79.8714
frxUSDJPY	2012-11-08 02:29:43	79.87	79.9	79.88	79.8803
frxUSDJPY	2012-11-08 02:29:47	79.862	79.878	79.871	79.8717
frxUSDJPY	2012-11-08 02:29:52	79.87	79.9	79.881	79.8812
frxUSDJPY	2012-11-08 02:29:54	79.87	79.9	79.882	79.8826
frxUSDJPY	2012-11-08 02:29:56	79.867	79.875	79.875	79.8752
frxUSDJPY	2012-11-08 02:29:57	79.86	79.89	79.874	79.8742
frxUSDJPY	2012-11-08 02:29:58	79.867	79.878	79.873	79.873
frxUSDJPY	2012-11-08 02:30:00	79.87	79.872	79.874	79.8744
frxUSDJPY	2012-11-08 02:30:03	79.865	79.881	79.873	79.8739
frxUSDJPY	2012-11-08 02:30:04	79.868	79.876	79.872	79.8724
frxUSDJPY	2012-11-08 02:30:05	79.872	79.874	79.873	79.8732
frxUSDJPY	2012-11-08 02:30:07	79.87	79.9	79.88	79.8807
frxUSDJPY	2012-11-08 02:30:10	79.86	79.89	79.875	79.875
frxUSDJPY	2012-11-08 02:30:11	79.86	79.91	79.881	79.8812
frxUSDJPY	2012-11-08 02:30:15	79.871	79.882	79.877	79.8774
frxUSDJPY	2012-11-08 02:30:16	79.86	79.89	79.875	79.8758
frxUSDJPY	2012-11-08 02:30:18	79.87	79.878	79.876	79.8765
frxUSDJPY	2012-11-08 02:30:19	79.86	79.89	79.877	79.8772
frxUSDJPY	2012-11-08 02:30:20	79.87	79.9	79.881	79.8813
frxUSDJPY	2012-11-08 02:30:21	79.871	79.877	79.875	79.8759
frxUSDJPY	2012-11-08 02:30:22	79.85	79.89	79.874	79.8745
frxUSDJPY	2012-11-08 02:30:26	79.86	79.89	79.875	79.8758
frxUSDJPY	2012-11-08 02:30:27	79.869	79.878	79.874	79.8745
frxUSDJPY	2012-11-08 02:30:32	79.869	79.878	79.874	79.8744
frxUSDJPY	2012-11-08 02:30:34	79.869	79.878	79.875	79.8752
frxUSDJPY	2012-11-08 02:30:35	79.863	79.887	79.875	79.8751
frxUSDJPY	2012-11-08 02:30:38	79.866	79.881	79.874	79.8742
frxUSDJPY	2012-11-08 02:30:39	79.869	79.877	79.873	79.8734
frxUSDJPY	2012-11-08 02:30:40	79.869	79.877	79.873	79.8732
frxUSDJPY	2012-11-08 02:30:41	79.869	79.875	79.873	79.8731
frxUSDJPY	2012-11-08 02:30:43	79.863	79.874	79.869	79.8693
frxUSDJPY	2012-11-08 02:30:45	79.83	79.88	79.86	79.8605
frxUSDJPY	2012-11-08 02:30:47	79.863	79.872	79.866	79.8661
frxUSDJPY	2012-11-08 02:30:49	79.867	79.878	79.873	79.8731
frxUSDJPY	2012-11-08 02:30:53	79.864	79.881	79.873	79.8731
frxUSDJPY	2012-11-08 02:30:55	79.87	79.9	79.88	79.8801
frxUSDJPY	2012-11-08 02:30:57	79.83	79.91	79.874	79.8746
frxUSDJPY	2012-11-08 02:30:59	79.864	79.88	79.873	79.8733
frxUSDJPY	2012-11-08 02:31:00	79.86	79.89	79.874	79.8749
frxUSDJPY	2012-11-08 02:31:01	79.86	79.9	79.877	79.8771
frxUSDJPY	2012-11-08 02:31:02	79.871	79.873	79.873	79.8733
frxUSDJPY	2012-11-08 02:31:04	79.87	79.9	79.88	79.8803
frxUSDJPY	2012-11-08 02:31:07	79.871	79.873	79.873	79.8737
frxUSDJPY	2012-11-08 02:31:11	79.87	79.872	79.872	79.8729
frxUSDJPY	2012-11-08 02:31:14	79.87	79.9	79.88	79.8805
frxUSDJPY	2012-11-08 02:31:15	79.867	79.876	79.875	79.875
frxUSDJPY	2012-11-08 02:31:16	79.86	79.89	79.873	79.8737
frxUSDJPY	2012-11-08 02:31:17	79.86	79.878	79.869	79.8699
frxUSDJPY	2012-11-08 02:31:18	79.865	79.876	79.87	79.8708
frxUSDJPY	2012-11-08 02:31:22	79.869	79.87	79.87	79.8701
frxUSDJPY	2012-11-08 02:31:23	79.864	79.876	79.87	79.8704
frxUSDJPY	2012-11-08 02:31:25	79.862	79.875	79.869	79.8695
frxUSDJPY	2012-11-08 02:31:27	79.861	79.861	79.863	79.8638
frxUSDJPY	2012-11-08 02:31:29	79.86	79.89	79.87	79.8705
frxUSDJPY	2012-11-08 02:31:30	79.85	79.87	79.864	79.8645
frxUSDJPY	2012-11-08 02:31:31	79.85	79.88	79.865	79.8655
frxUSDJPY	2012-11-08 02:31:32	79.859	79.869	79.864	79.8642
frxUSDJPY	2012-11-08 02:31:33	79.85	79.88	79.864	79.864
frxUSDJPY	2012-11-08 02:31:34	79.86	79.89	79.87	79.8705
frxUSDJPY	2012-11-08 02:31:36	79.84	79.89	79.865	79.8652
frxUSDJPY	2012-11-08 02:31:37	79.861	79.87	79.865	79.8656
frxUSDJPY	2012-11-08 02:31:39	79.86	79.89	79.872	79.8729
frxUSDJPY	2012-11-08 02:31:42	79.85	79.89	79.871	79.871
frxUSDJPY	2012-11-08 02:31:45	79.83	79.88	79.86	79.8608
frxUSDJPY	2012-11-08 02:31:46	79.85	79.88	79.863	79.8636
frxUSDJPY	2012-11-08 02:31:48	79.86	79.89	79.87	79.8704
frxUSDJPY	2012-11-08 02:31:49	79.865	79.865	79.866	79.8668
frxUSDJPY	2012-11-08 02:31:55	79.857	79.872	79.865	79.8659
frxUSDJPY	2012-11-08 02:31:58	79.863	79.869	79.867	79.8678
frxUSDJPY	2012-11-08 02:32:01	79.86	79.89	79.872	79.8724
frxUSDJPY	2012-11-08 02:32:07	79.863	79.869	79.866	79.866
frxUSDJPY	2012-11-08 02:32:10	79.86	79.89	79.871	79.8715
frxUSDJPY	2012-11-08 02:32:16	79.863	79.864	79.864	79.8647
frxUSDJPY	2012-11-08 02:32:17	79.859	79.869	79.864	79.8646
frxUSDJPY	2012-11-08 02:32:26	79.84	79.9	79.867	79.867
frxUSDJPY	2012-11-08 02:32:29	79.859	79.87	79.865	79.8655
frxUSDJPY	2012-11-08 02:32:41	79.86	79.868	79.866	79.8669
frxUSDJPY	2012-11-08 02:32:42	79.862	79.869	79.865	79.865
frxUSDJPY	2012-11-08 02:32:43	79.86	79.89	79.872	79.8722
frxUSDJPY	2012-11-08 02:32:44	79.862	79.873	79.869	79.8693
frxUSDJPY	2012-11-08 02:32:46	79.862	79.871	79.868	79.8688
frxUSDJPY	2012-11-08 02:32:47	79.865	79.866	79.867	79.8671
frxUSDJPY	2012-11-08 02:32:49	79.86	79.87	79.866	79.8663
frxUSDJPY	2012-11-08 02:32:50	79.86	79.876	79.867	79.8678
frxUSDJPY	2012-11-08 02:32:52	79.85	79.91	79.875	79.8755
frxUSDJPY	2012-11-08 02:32:55	79.859	79.876	79.87	79.8706
frxUSDJPY	2012-11-08 02:32:57	79.862	79.871	79.867	79.8676
frxUSDJPY	2012-11-08 02:32:59	79.862	79.87	79.868	79.8689
frxUSDJPY	2012-11-08 02:33:03	79.863	79.873	79.868	79.8686
frxUSDJPY	2012-11-08 02:33:05	79.862	79.873	79.868	79.8682
frxUSDJPY	2012-11-08 02:33:06	79.865	79.866	79.866	79.8668
frxUSDJPY	2012-11-08 02:33:10	79.859	79.875	79.867	79.8679
frxUSDJPY	2012-11-08 02:33:11	79.856	79.881	79.868	79.8689
frxUSDJPY	2012-11-08 02:33:13	79.863	79.873	79.868	79.8688
frxUSDJPY	2012-11-08 02:33:15	79.863	79.872	79.868	79.8686
frxUSDJPY	2012-11-08 02:33:16	79.86	79.877	79.868	79.8688
frxUSDJPY	2012-11-08 02:33:18	79.863	79.873	79.868	79.868
frxUSDJPY	2012-11-08 02:33:19	79.864	79.874	79.868	79.8681
frxUSDJPY	2012-11-08 02:33:20	79.858	79.882	79.869	79.8698
frxUSDJPY	2012-11-08 02:33:21	79.856	79.881	79.869	79.8698
frxUSDJPY	2012-11-08 02:33:23	79.858	79.882	79.87	79.8707
frxUSDJPY	2012-11-08 02:33:24	79.86	79.89	79.876	79.8763
frxUSDJPY	2012-11-08 02:33:25	79.87	79.9	79.881	79.8818
frxUSDJPY	2012-11-08 02:33:32	79.863	79.873	79.872	79.872
frxUSDJPY	2012-11-08 02:33:34	79.858	79.882	79.87	79.8702
frxUSDJPY	2012-11-08 02:33:35	79.86	79.89	79.873	79.8738
frxUSDJPY	2012-11-08 02:33:36	79.867	79.869	79.873	79.8738
frxUSDJPY	2012-11-08 02:33:37	79.856	79.881	79.869	79.8697
frxUSDJPY	2012-11-08 02:33:39	79.867	79.869	79.869	79.8691
frxUSDJPY	2012-11-08 02:33:45	79.84	79.89	79.867	79.867
frxUSDJPY	2012-11-08 02:33:46	79.87	79.87	79.87	79.87
frxUSDJPY	2012-11-08 02:33:49	79.867	79.877	79.872	79.8728
frxUSDJPY	2012-11-08 02:33:58	79.85	79.9	79.874	79.8744
frxUSDJPY	2012-11-08 02:34:00	79.867	79.876	79.872	79.8723
frxUSDJPY	2012-11-08 02:34:03	79.864	79.881	79.872	79.8723
frxUSDJPY	2012-11-08 02:34:08	79.867	79.876	79.871	79.8715
frxUSDJPY	2012-11-08 02:34:11	79.87	79.9	79.882	79.882
frxUSDJPY	2012-11-08 02:34:19	79.86	79.92	79.887	79.8879
frxUSDJPY	2012-11-08 02:34:24	79.866	79.877	79.875	79.8757
frxUSDJPY	2012-11-08 02:34:26	79.866	79.878	79.873	79.8738
frxUSDJPY	2012-11-08 02:34:28	79.867	79.878	79.874	79.8749
frxUSDJPY	2012-11-08 02:34:29	79.868	79.879	79.875	79.8751
frxUSDJPY	2012-11-08 02:34:30	79.87	79.9	79.88	79.8808
frxUSDJPY	2012-11-08 02:34:32	79.87	79.9	79.882	79.882
frxUSDJPY	2012-11-08 02:34:58	79.85	79.9	79.876	79.8763
frxUSDJPY	2012-11-08 02:35:00	79.86	79.89	79.875	79.8759
frxUSDJPY	2012-11-08 02:35:06	79.868	79.875	79.875	79.8754
frxUSDJPY	2012-11-08 02:35:07	79.868	79.876	79.872	79.8721
frxUSDJPY	2012-11-08 02:35:08	79.86	79.89	79.874	79.874
frxUSDJPY	2012-11-08 02:35:09	79.869	79.876	79.873	79.8734
frxUSDJPY	2012-11-08 02:35:11	79.87	79.9	79.88	79.8805
frxUSDJPY	2012-11-08 02:35:15	79.868	79.877	79.874	79.8742
frxUSDJPY	2012-11-08 02:35:22	79.866	79.881	79.875	79.8759
frxUSDJPY	2012-11-08 02:35:23	79.859	79.885	79.872	79.8723
frxUSDJPY	2012-11-08 02:35:24	79.872	79.872	79.873	79.8735
frxUSDJPY	2012-11-08 02:35:27	79.85	79.89	79.871	79.8717
frxUSDJPY	2012-11-08 02:35:29	79.86	79.89	79.874	79.8748
frxUSDJPY	2012-11-08 02:35:32	79.868	79.879	79.876	79.8764
frxUSDJPY	2012-11-08 02:35:34	79.86	79.9	79.88	79.8805
frxUSDJPY	2012-11-08 02:35:35	79.86	79.89	79.875	79.8755
frxUSDJPY	2012-11-08 02:35:37	79.87	79.9	79.881	79.8812
frxUSDJPY	2012-11-08 02:35:38	79.864	79.888	79.876	79.8767
frxUSDJPY	2012-11-08 02:35:39	79.871	79.881	79.876	79.8768
frxUSDJPY	2012-11-08 02:35:40	79.87	79.9	79.881	79.8812
frxUSDJPY	2012-11-08 02:35:41	79.872	79.878	79.877	79.8777
frxUSDJPY	2012-11-08 02:35:42	79.863	79.887	79.875	79.8755
frxUSDJPY	2012-11-08 02:35:45	79.862	79.887	79.875	79.875
frxUSDJPY	2012-11-08 02:35:46	79.86	79.89	79.875	79.8751
frxUSDJPY	2012-11-08 02:35:47	79.87	79.9	79.881	79.8817
frxUSDJPY	2012-11-08 02:35:48	79.86	79.89	79.877	79.877
frxUSDJPY	2012-11-08 02:35:55	79.87	79.9	79.883	79.8836
frxUSDJPY	2012-11-08 02:35:58	79.86	79.91	79.884	79.8843
frxUSDJPY	2012-11-08 02:36:02	79.869	79.88	79.878	79.8784
frxUSDJPY	2012-11-08 02:36:03	79.869	79.881	79.875	79.8757
frxUSDJPY	2012-11-08 02:36:04	79.87	79.9	79.881	79.8814
frxUSDJPY	2012-11-08 02:36:07	79.87	79.879	79.877	79.8773
frxUSDJPY	2012-11-08 02:36:08	79.869	79.881	79.875	79.8755
frxUSDJPY	2012-11-08 02:36:18	79.87	79.877	79.874	79.8749
frxUSDJPY	2012-11-08 02:36:20	79.862	79.887	79.874	79.8745
frxUSDJPY	2012-11-08 02:36:22	79.867	79.882	79.874	79.8744
frxUSDJPY	2012-11-08 02:36:24	79.87	79.89	79.878	79.8787
frxUSDJPY	2012-11-08 02:36:32	79.87	79.878	79.876	79.8763
frxUSDJPY	2012-11-08 02:36:36	79.87	79.879	79.875	79.8751
frxUSDJPY	2012-11-08 02:36:37	79.86	79.89	79.875	79.8753
frxUSDJPY	2012-11-08 02:36:40	79.87	79.9	79.882	79.8828
frxUSDJPY	2012-11-08 02:36:42	79.869	79.879	79.877	79.8771
frxUSDJPY	2012-11-08 02:36:46	79.86	79.89	79.876	79.8762
frxUSDJPY	2012-11-08 02:36:47	79.87	79.9	79.881	79.8815
frxUSDJPY	2012-11-08 02:36:48	79.866	79.882	79.877	79.877
frxUSDJPY	2012-11-08 02:36:49	79.86	79.89	79.876	79.8768
frxUSDJPY	2012-11-08 02:36:53	79.871	79.879	79.875	79.8751
frxUSDJPY	2012-11-08 02:36:56	79.87	79.879	79.875	79.8757
frxUSDJPY	2012-11-08 02:36:58	79.86	79.91	79.881	79.8814
frxUSDJPY	2012-11-08 02:37:00	79.872	79.881	79.876	79.8766
frxUSDJPY	2012-11-08 02:37:04	79.86	79.89	79.875	79.8755
frxUSDJPY	2012-11-08 02:37:05	79.87	79.9	79.881	79.8814
frxUSDJPY	2012-11-08 02:37:13	79.868	79.885	79.878	79.8786
frxUSDJPY	2012-11-08 02:37:16	79.86	79.89	79.877	79.8772
frxUSDJPY	2012-11-08 02:37:17	79.87	79.9	79.883	79.8837
frxUSDJPY	2012-11-08 02:37:18	79.873	79.881	79.879	79.8798
frxUSDJPY	2012-11-08 02:37:22	79.876	79.885	79.88	79.8805
frxUSDJPY	2012-11-08 02:37:23	79.871	79.887	79.879	79.8794
frxUSDJPY	2012-11-08 02:37:24	79.868	79.879	79.875	79.8759
frxUSDJPY	2012-11-08 02:37:27	79.85	79.89	79.871	79.8718
frxUSDJPY	2012-11-08 02:37:28	79.869	79.88	79.874	79.8748
frxUSDJPY	2012-11-08 02:37:30	79.87	79.881	79.876	79.8765
frxUSDJPY	2012-11-08 02:37:31	79.862	79.887	79.875	79.8759
frxUSDJPY	2012-11-08 02:37:32	79.861	79.887	79.874	79.8743
frxUSDJPY	2012-11-08 02:37:35	79.87	79.9	79.882	79.8825
frxUSDJPY	2012-11-08 02:37:41	79.87	79.879	79.874	79.8743
frxUSDJPY	2012-11-08 02:37:42	79.869	79.881	79.875	79.875
frxUSDJPY	2012-11-08 02:37:43	79.87	79.9	79.881	79.8812
frxUSDJPY	2012-11-08 02:37:44	79.868	79.881	79.877	79.8776
frxUSDJPY	2012-11-08 02:37:45	79.84	79.89	79.87	79.8703
frxUSDJPY	2012-11-08 02:37:46	79.86	79.89	79.873	79.8734
frxUSDJPY	2012-11-08 02:37:48	79.87	79.9	79.88	79.8807
frxUSDJPY	2012-11-08 02:37:49	79.869	79.881	79.877	79.8778
frxUSDJPY	2012-11-08 02:37:50	79.869	79.878	79.874	79.8747
frxUSDJPY	2012-11-08 02:37:52	79.86	79.885	79.873	79.8734
frxUSDJPY	2012-11-08 02:37:53	79.86	79.89	79.874	79.8741
frxUSDJPY	2012-11-08 02:37:55	79.866	79.883	79.877	79.8777
frxUSDJPY	2012-11-08 02:37:56	79.86	79.89	79.875	79.8751
frxUSDJPY	2012-11-08 02:38:00	79.869	79.876	79.873	79.8735
frxUSDJPY	2012-11-08 02:38:02	79.867	79.878	79.872	79.8721
frxUSDJPY	2012-11-08 02:38:05	79.867	79.876	79.875	79.8751
frxUSDJPY	2012-11-08 02:38:06	79.865	79.866	79.866	79.8662
frxUSDJPY	2012-11-08 02:38:07	79.86	79.875	79.867	79.8674
frxUSDJPY	2012-11-08 02:38:08	79.856	79.88	79.868	79.8682
frxUSDJPY	2012-11-08 02:38:09	79.867	79.876	79.872	79.8725
frxUSDJPY	2012-11-08 02:38:10	79.86	79.878	79.868	79.8687
frxUSDJPY	2012-11-08 02:38:13	79.868	79.869	79.868	79.8681
frxUSDJPY	2012-11-08 02:38:15	79.83	79.88	79.86	79.8604
frxUSDJPY	2012-11-08 02:38:16	79.86	79.877	79.865	79.8658
frxUSDJPY	2012-11-08 02:38:21	79.856	79.881	79.869	79.869
frxUSDJPY	2012-11-08 02:38:22	79.863	79.873	79.868	79.8687
frxUSDJPY	2012-11-08 02:38:24	79.864	79.872	79.869	79.8692
frxUSDJPY	2012-11-08 02:38:25	79.856	79.881	79.869	79.8696
frxUSDJPY	2012-11-08 02:38:26	79.856	79.882	79.869	79.8696
frxUSDJPY	2012-11-08 02:38:27	79.865	79.874	79.869	79.869
frxUSDJPY	2012-11-08 02:38:28	79.84	79.92	79.876	79.8765
frxUSDJPY	2012-11-08 02:38:31	79.857	79.882	79.871	79.8717
frxUSDJPY	2012-11-08 02:38:36	79.862	79.879	79.871	79.8711
frxUSDJPY	2012-11-08 02:38:39	79.868	79.874	79.871	79.8711
frxUSDJPY	2012-11-08 02:38:40	79.866	79.875	79.871	79.8711
frxUSDJPY	2012-11-08 02:38:43	79.862	79.881	79.871	79.8716
frxUSDJPY	2012-11-08 02:38:45	79.84	79.89	79.868	79.8683
frxUSDJPY	2012-11-08 02:38:47	79.86	79.885	79.872	79.8723
frxUSDJPY	2012-11-08 02:38:51	79.87	79.9	79.882	79.8829
frxUSDJPY	2012-11-08 02:38:57	79.83	79.91	79.874	79.8749
frxUSDJPY	2012-11-08 02:38:59	79.85	79.88	79.869	79.8694
frxUSDJPY	2012-11-08 02:39:01	79.866	79.875	79.87	79.8709
frxUSDJPY	2012-11-08 02:39:04	79.86	79.89	79.874	79.8743
frxUSDJPY	2012-11-08 02:39:06	79.867	79.874	79.871	79.8712
frxUSDJPY	2012-11-08 02:39:07	79.87	79.872	79.871	79.8719
frxUSDJPY	2012-11-08 02:39:09	79.865	79.883	79.873	79.8732
frxUSDJPY	2012-11-08 02:39:10	79.869	79.875	79.873	79.8733
frxUSDJPY	2012-11-08 02:39:18	79.864	79.881	79.877	79.8776
frxUSDJPY	2012-11-08 02:39:22	79.867	79.877	79.873	79.8737
frxUSDJPY	2012-11-08 02:39:34	79.87	79.9	79.881	79.8814
frxUSDJPY	2012-11-08 02:39:39	79.864	79.882	79.874	79.8743
frxUSDJPY	2012-11-08 02:39:40	79.85	79.91	79.878	79.8783
frxUSDJPY	2012-11-08 02:39:42	79.865	79.883	79.875	79.8752
frxUSDJPY	2012-11-08 02:39:46	79.87	79.9	79.882	79.8828
frxUSDJPY	2012-11-08 02:39:50	79.868	79.875	79.875	79.8755
frxUSDJPY	2012-11-08 02:39:51	79.867	79.877	79.873	79.8739
frxUSDJPY	2012-11-08 02:39:58	79.85	79.9	79.874	79.8748
frxUSDJPY	2012-11-08 02:40:00	79.86	79.89	79.875	79.8755
frxUSDJPY	2012-11-08 02:40:08	79.867	79.878	79.873	79.8739
frxUSDJPY	2012-11-08 02:40:13	79.87	79.9	79.881	79.8812
frxUSDJPY	2012-11-08 02:40:28	79.84	79.92	79.882	79.8822
frxUSDJPY	2012-11-08 02:40:30	79.86	79.89	79.878	79.8789
frxUSDJPY	2012-11-08 02:40:34	79.87	79.9	79.882	79.8823
frxUSDJPY	2012-11-08 02:40:41	79.872	79.877	79.874	79.8741
frxUSDJPY	2012-11-08 02:40:44	79.867	79.879	79.873	79.8734
frxUSDJPY	2012-11-08 02:40:49	79.87	79.9	79.881	79.8813
frxUSDJPY	2012-11-08 02:40:50	79.864	79.883	79.876	79.8761
frxUSDJPY	2012-11-08 02:40:52	79.86	79.89	79.875	79.8757
frxUSDJPY	2012-11-08 02:40:53	79.87	79.9	79.88	79.8809
frxUSDJPY	2012-11-08 02:40:58	79.83	79.91	79.874	79.8745
frxUSDJPY	2012-11-08 02:41:00	79.86	79.89	79.875	79.8753
frxUSDJPY	2012-11-08 02:41:01	79.868	79.878	79.873	79.8733
frxUSDJPY	2012-11-08 02:41:03	79.867	79.878	79.873	79.8739
frxUSDJPY	2012-11-08 02:41:04	79.87	79.9	79.88	79.8807
frxUSDJPY	2012-11-08 02:41:10	79.871	79.881	79.876	79.8763
frxUSDJPY	2012-11-08 02:41:11	79.867	79.892	79.881	79.8816
frxUSDJPY	2012-11-08 02:41:12	79.872	79.889	79.881	79.8812
frxUSDJPY	2012-11-08 02:41:13	79.868	79.892	79.88	79.8801
frxUSDJPY	2012-11-08 02:41:20	79.879	79.881	79.88	79.8802
frxUSDJPY	2012-11-08 02:41:22	79.867	79.892	79.88	79.8809
frxUSDJPY	2012-11-08 02:41:23	79.868	79.892	79.88	79.8802
frxUSDJPY	2012-11-08 02:41:24	79.867	79.892	79.88	79.8808
frxUSDJPY	2012-11-08 02:41:25	79.86	79.91	79.883	79.8832
frxUSDJPY	2012-11-08 02:41:26	79.867	79.892	79.88	79.8802
frxUSDJPY	2012-11-08 02:41:27	79.88	79.91	79.892	79.8923
frxUSDJPY	2012-11-08 02:41:29	79.868	79.892	79.884	79.8845
frxUSDJPY	2012-11-08 02:41:30	79.867	79.892	79.881	79.8816
frxUSDJPY	2012-11-08 02:41:36	79.871	79.889	79.88	79.8801
frxUSDJPY	2012-11-08 02:41:37	79.871	79.89	79.88	79.8803
frxUSDJPY	2012-11-08 02:41:39	79.871	79.889	79.88	79.8809
frxUSDJPY	2012-11-08 02:41:48	79.868	79.892	79.88	79.8804
frxUSDJPY	2012-11-08 02:41:49	79.867	79.892	79.883	79.8838
frxUSDJPY	2012-11-08 02:41:50	79.875	79.885	79.881	79.881
frxUSDJPY	2012-11-08 02:41:51	79.875	79.883	79.879	79.8792
frxUSDJPY	2012-11-08 02:41:52	79.868	79.892	79.88	79.8803
frxUSDJPY	2012-11-08 02:41:54	79.874	79.884	79.879	79.8796
frxUSDJPY	2012-11-08 02:41:55	79.867	79.891	79.879	79.8796
frxUSDJPY	2012-11-08 02:41:56	79.867	79.892	79.879	79.8797
frxUSDJPY	2012-11-08 02:41:58	79.85	79.9	79.877	79.8772
frxUSDJPY	2012-11-08 02:42:00	79.86	79.89	79.876	79.8761
frxUSDJPY	2012-11-08 02:42:01	79.872	79.889	79.879	79.8795
frxUSDJPY	2012-11-08 02:42:04	79.867	79.892	79.88	79.8801
frxUSDJPY	2012-11-08 02:42:09	79.868	79.892	79.88	79.8804
frxUSDJPY	2012-11-08 02:42:10	79.867	79.892	79.88	79.8807
frxUSDJPY	2012-11-08 02:42:11	79.879	79.88	79.88	79.8807
frxUSDJPY	2012-11-08 02:42:12	79.877	79.88	79.879	79.8791
frxUSDJPY	2012-11-08 02:42:13	79.872	79.884	79.878	79.878
frxUSDJPY	2012-11-08 02:42:14	79.874	79.884	79.879	79.8794
frxUSDJPY	2012-11-08 02:42:15	79.879	79.881	79.88	79.8804
frxUSDJPY	2012-11-08 02:42:16	79.866	79.892	79.879	79.879
frxUSDJPY	2012-11-08 02:42:19	79.874	79.885	79.879	79.8793
frxUSDJPY	2012-11-08 02:42:24	79.875	79.886	79.88	79.8809
frxUSDJPY	2012-11-08 02:42:25	79.874	79.884	79.879	79.8792
frxUSDJPY	2012-11-08 02:42:26	79.868	79.892	79.88	79.8809
frxUSDJPY	2012-11-08 02:42:27	79.866	79.891	79.879	79.8795
frxUSDJPY	2012-11-08 02:42:33	79.875	79.884	79.879	79.8793
frxUSDJPY	2012-11-08 02:42:34	79.868	79.892	79.88	79.8801
frxUSDJPY	2012-11-08 02:42:35	79.866	79.891	79.879	79.8793
frxUSDJPY	2012-11-08 02:42:36	79.875	79.884	79.879	79.8791
frxUSDJPY	2012-11-08 02:42:37	79.879	79.881	79.88	79.8801
frxUSDJPY	2012-11-08 02:42:41	79.866	79.892	79.879	79.879
frxUSDJPY	2012-11-08 02:42:47	79.88	79.91	79.889	79.8892
frxUSDJPY	2012-11-08 02:42:49	79.866	79.892	79.882	79.8824
frxUSDJPY	2012-11-08 02:42:51	79.868	79.892	79.881	79.8817
frxUSDJPY	2012-11-08 02:42:52	79.866	79.892	79.883	79.883
frxUSDJPY	2012-11-08 02:42:53	79.87	79.9	79.884	79.8848
frxUSDJPY	2012-11-08 02:42:55	79.868	79.892	79.882	79.8829
frxUSDJPY	2012-11-08 02:42:58	79.88	79.91	79.89	79.8904
frxUSDJPY	2012-11-08 02:43:00	79.868	79.892	79.882	79.8823
frxUSDJPY	2012-11-08 02:43:01	79.866	79.892	79.88	79.8809
frxUSDJPY	2012-11-08 02:43:03	79.868	79.892	79.88	79.8806
frxUSDJPY	2012-11-08 02:43:04	79.866	79.892	79.879	79.8791
frxUSDJPY	2012-11-08 02:43:10	79.88	79.9	79.888	79.8889
frxUSDJPY	2012-11-08 02:43:11	79.88	79.91	79.892	79.8925
frxUSDJPY	2012-11-08 02:43:12	79.87	79.91	79.889	79.8891
frxUSDJPY	2012-11-08 02:43:15	79.85	79.9	79.881	79.8814
frxUSDJPY	2012-11-08 02:43:18	79.877	79.892	79.885	79.8852
frxUSDJPY	2012-11-08 02:43:19	79.88	79.891	79.885	79.8851
frxUSDJPY	2012-11-08 02:43:20	79.88	79.91	79.891	79.8916
frxUSDJPY	2012-11-08 02:43:21	79.88	79.891	79.888	79.8889
frxUSDJPY	2012-11-08 02:43:29	79.879	79.891	79.886	79.8869
frxUSDJPY	2012-11-08 02:43:37	79.885	79.887	79.886	79.8864
frxUSDJPY	2012-11-08 02:43:40	79.88	79.891	79.886	79.8869
frxUSDJPY	2012-11-08 02:43:50	79.879	79.891	79.888	79.8881
frxUSDJPY	2012-11-08 02:43:57	79.86	79.94	79.896	79.8964
frxUSDJPY	2012-11-08 02:43:58	79.87	79.92	79.896	79.8963
frxUSDJPY	2012-11-08 02:43:59	79.886	79.888	79.89	79.8901
frxUSDJPY	2012-11-08 02:44:03	79.881	79.892	79.888	79.8885
frxUSDJPY	2012-11-08 02:44:04	79.88	79.89	79.885	79.8855
frxUSDJPY	2012-11-08 02:44:05	79.88	79.889	79.885	79.8851
frxUSDJPY	2012-11-08 02:44:06	79.868	79.892	79.88	79.88
frxUSDJPY	2012-11-08 02:44:07	79.867	79.892	79.88	79.8808
frxUSDJPY	2012-11-08 02:44:09	79.87	79.89	79.88	79.88
frxUSDJPY	2012-11-08 02:44:10	79.875	79.884	79.88	79.8809
frxUSDJPY	2012-11-08 02:44:11	79.876	79.885	79.88	79.88
frxUSDJPY	2012-11-08 02:44:12	79.867	79.892	79.88	79.8808
frxUSDJPY	2012-11-08 02:44:14	79.86	79.9	79.88	79.8802
frxUSDJPY	2012-11-08 02:44:16	79.872	79.896	79.884	79.8847
frxUSDJPY	2012-11-08 02:44:18	79.87	79.9	79.887	79.8879
frxUSDJPY	2012-11-08 02:44:19	79.88	79.91	79.892	79.8928
frxUSDJPY	2012-11-08 02:44:20	79.87	79.9	79.888	79.8882
frxUSDJPY	2012-11-08 02:44:21	79.88	79.91	79.892	79.8922
frxUSDJPY	2012-11-08 02:44:22	79.878	79.886	79.883	79.8831
frxUSDJPY	2012-11-08 02:44:23	79.879	79.881	79.88	79.8807
frxUSDJPY	2012-11-08 02:44:24	79.867	79.892	79.88	79.8802
frxUSDJPY	2012-11-08 02:44:26	79.876	79.884	79.88	79.8807
frxUSDJPY	2012-11-08 02:44:27	79.875	79.887	79.881	79.8813
frxUSDJPY	2012-11-08 02:44:28	79.84	79.92	79.88	79.8807
frxUSDJPY	2012-11-08 02:44:29	79.867	79.892	79.88	79.8808
frxUSDJPY	2012-11-08 02:44:31	79.876	79.885	79.88	79.8809
frxUSDJPY	2012-11-08 02:44:33	79.87	79.9	79.883	79.8836
frxUSDJPY	2012-11-08 02:44:38	79.86	79.92	79.888	79.8889
frxUSDJPY	2012-11-08 02:44:39	79.868	79.892	79.883	79.8832
frxUSDJPY	2012-11-08 02:44:43	79.868	79.892	79.88	79.8807
frxUSDJPY	2012-11-08 02:44:45	79.88	79.91	79.889	79.8892
frxUSDJPY	2012-11-08 02:44:46	79.87	79.9	79.885	79.8856
frxUSDJPY	2012-11-08 02:44:47	79.868	79.892	79.881	79.8813
frxUSDJPY	2012-11-08 02:44:48	79.867	79.892	79.883	79.8832
frxUSDJPY	2012-11-08 02:44:49	79.88	79.91	79.888	79.8885
frxUSDJPY	2012-11-08 02:44:51	79.867	79.892	79.881	79.8814
frxUSDJPY	2012-11-08 02:44:52	79.871	79.889	79.88	79.8808
frxUSDJPY	2012-11-08 02:44:53	79.868	79.892	79.88	79.8802
frxUSDJPY	2012-11-08 02:44:55	79.87	79.9	79.886	79.8866
frxUSDJPY	2012-11-08 02:44:56	79.867	79.892	79.881	79.8814
frxUSDJPY	2012-11-08 02:44:58	79.85	79.93	79.886	79.8862
frxUSDJPY	2012-11-08 02:44:59	79.867	79.892	79.881	79.881
frxUSDJPY	2012-11-08 02:45:01	79.873	79.885	79.881	79.8819
frxUSDJPY	2012-11-08 02:45:03	79.874	79.885	79.88	79.8809
frxUSDJPY	2012-11-08 02:45:04	79.879	79.888	79.884	79.8848
frxUSDJPY	2012-11-08 02:45:05	79.85	79.91	79.882	79.8823
frxUSDJPY	2012-11-08 02:45:06	79.878	79.891	79.883	79.8836
frxUSDJPY	2012-11-08 02:45:07	79.88	79.885	79.883	79.8836
frxUSDJPY	2012-11-08 02:45:08	79.868	79.892	79.88	79.8802
frxUSDJPY	2012-11-08 02:45:09	79.878	79.888	79.883	79.8833
frxUSDJPY	2012-11-08 02:45:10	79.879	79.891	79.885	79.885
frxUSDJPY	2012-11-08 02:45:11	79.87	79.9	79.885	79.8855
frxUSDJPY	2012-11-08 02:45:13	79.88	79.9	79.889	79.8893
frxUSDJPY	2012-11-08 02:45:15	79.88	79.91	79.893	79.8932
frxUSDJPY	2012-11-08 02:45:17	79.88	79.91	79.892	79.8922
frxUSDJPY	2012-11-08 02:45:20	79.88	79.89	79.886	79.8866
frxUSDJPY	2012-11-08 02:45:22	79.87	79.9	79.885	79.8855
frxUSDJPY	2012-11-08 02:45:24	79.88	79.91	79.891	79.8918
frxUSDJPY	2012-11-08 02:45:31	79.882	79.889	79.887	79.8877
frxUSDJPY	2012-11-08 02:45:32	79.884	79.886	79.886	79.8864
frxUSDJPY	2012-11-08 02:45:35	79.879	79.89	79.885	79.8857
frxUSDJPY	2012-11-08 02:45:37	79.87	79.93	79.894	79.8945
frxUSDJPY	2012-11-08 02:45:39	79.88	79.889	79.885	79.8857
frxUSDJPY	2012-11-08 02:45:41	79.88	79.91	79.891	79.8919
frxUSDJPY	2012-11-08 02:45:42	79.881	79.889	79.887	79.8879
frxUSDJPY	2012-11-08 02:45:43	79.878	79.889	79.885	79.8855
frxUSDJPY	2012-11-08 02:45:45	79.87	79.9	79.885	79.8855
frxUSDJPY	2012-11-08 02:45:48	79.88	79.91	79.891	79.8911
frxUSDJPY	2012-11-08 02:45:50	79.877	79.891	79.887	79.8879
frxUSDJPY	2012-11-08 02:45:51	79.88	79.886	79.883	79.883
frxUSDJPY	2012-11-08 02:45:52	79.877	79.88	79.879	79.8796
frxUSDJPY	2012-11-08 02:45:54	79.862	79.887	79.875	79.8757
frxUSDJPY	2012-11-08 02:45:56	79.866	79.883	79.875	79.8759
frxUSDJPY	2012-11-08 02:45:57	79.862	79.886	79.873	79.873
frxUSDJPY	2012-11-08 02:45:58	79.85	79.9	79.874	79.8743
frxUSDJPY	2012-11-08 02:45:59	79.857	79.881	79.87	79.8708
frxUSDJPY	2012-11-08 02:46:00	79.869	79.869	79.869	79.8695
frxUSDJPY	2012-11-08 02:46:02	79.85	79.89	79.87	79.8705
frxUSDJPY	2012-11-08 02:46:04	79.862	79.872	79.867	79.8672
frxUSDJPY	2012-11-08 02:46:05	79.855	79.879	79.867	79.867
frxUSDJPY	2012-11-08 02:46:06	79.85	79.91	79.875	79.8753
frxUSDJPY	2012-11-08 02:46:10	79.857	79.881	79.869	79.8697
frxUSDJPY	2012-11-08 02:46:11	79.859	79.869	79.865	79.8656
frxUSDJPY	2012-11-08 02:46:12	79.864	79.864	79.864	79.8641
frxUSDJPY	2012-11-08 02:46:13	79.858	79.872	79.864	79.8644
frxUSDJPY	2012-11-08 02:46:15	79.83	79.88	79.859	79.8595
frxUSDJPY	2012-11-08 02:46:16	79.866	79.868	79.867	79.8678
frxUSDJPY	2012-11-08 02:46:24	79.871	79.871	79.871	79.8714
frxUSDJPY	2012-11-08 02:46:25	79.865	79.88	79.872	79.8729
frxUSDJPY	2012-11-08 02:46:26	79.864	79.88	79.872	79.8722
frxUSDJPY	2012-11-08 02:46:28	79.872	79.874	79.874	79.8749
frxUSDJPY	2012-11-08 02:46:29	79.87	79.9	79.881	79.8813
frxUSDJPY	2012-11-08 02:46:33	79.86	79.9	79.88	79.8809
frxUSDJPY	2012-11-08 02:46:35	79.84	79.9	79.874	79.8749
frxUSDJPY	2012-11-08 02:46:37	79.865	79.882	79.874	79.8741
frxUSDJPY	2012-11-08 02:46:38	79.872	79.874	79.874	79.8742
frxUSDJPY	2012-11-08 02:46:40	79.87	79.9	79.88	79.8801
frxUSDJPY	2012-11-08 02:46:45	79.84	79.89	79.87	79.8707
frxUSDJPY	2012-11-08 02:46:46	79.86	79.89	79.873	79.8731
frxUSDJPY	2012-11-08 02:46:58	79.85	79.9	79.874	79.8746
frxUSDJPY	2012-11-08 02:47:03	79.87	79.877	79.874	79.8744
frxUSDJPY	2012-11-08 02:47:05	79.86	79.92	79.883	79.8835
frxUSDJPY	2012-11-08 02:47:08	79.873	79.874	79.874	79.874
frxUSDJPY	2012-11-08 02:47:14	79.865	79.882	79.874	79.8747
frxUSDJPY	2012-11-08 02:47:16	79.867	79.88	79.873	79.8732
frxUSDJPY	2012-11-08 02:47:17	79.872	79.874	79.873	79.8739
frxUSDJPY	2012-11-08 02:47:18	79.87	79.9	79.88	79.8804
frxUSDJPY	2012-11-08 02:47:20	79.872	79.872	79.874	79.8747
frxUSDJPY	2012-11-08 02:47:26	79.868	79.876	79.874	79.8744
frxUSDJPY	2012-11-08 02:47:29	79.86	79.884	79.873	79.873
frxUSDJPY	2012-11-08 02:47:33	79.872	79.872	79.872	79.8725
frxUSDJPY	2012-11-08 02:47:34	79.867	79.878	79.873	79.8732
frxUSDJPY	2012-11-08 02:47:36	79.87	79.871	79.872	79.8726
frxUSDJPY	2012-11-08 02:47:38	79.864	79.877	79.871	79.8711
frxUSDJPY	2012-11-08 02:47:39	79.863	79.873	79.868	79.8689
frxUSDJPY	2012-11-08 02:47:40	79.861	79.878	79.868	79.8685
frxUSDJPY	2012-11-08 02:47:43	79.861	79.872	79.867	79.8677
frxUSDJPY	2012-11-08 02:47:44	79.853	79.878	79.866	79.8661
frxUSDJPY	2012-11-08 02:47:45	79.863	79.873	79.868	79.8681
frxUSDJPY	2012-11-08 02:47:46	79.857	79.882	79.869	79.8699
frxUSDJPY	2012-11-08 02:47:48	79.86	79.89	79.873	79.8733
frxUSDJPY	2012-11-08 02:47:49	79.868	79.869	79.868	79.8681
frxUSDJPY	2012-11-08 02:47:50	79.866	79.876	79.87	79.8703
frxUSDJPY	2012-11-08 02:47:51	79.866	79.873	79.87	79.8704
frxUSDJPY	2012-11-08 02:47:52	79.865	79.879	79.871	79.8713
frxUSDJPY	2012-11-08 02:47:54	79.865	79.874	79.87	79.8709
frxUSDJPY	2012-11-08 02:47:55	79.865	79.881	79.872	79.8723
frxUSDJPY	2012-11-08 02:47:58	79.868	79.876	79.872	79.8722
frxUSDJPY	2012-11-08 02:47:59	79.872	79.873	79.873	79.8737
frxUSDJPY	2012-11-08 02:48:00	79.868	79.878	79.873	79.8735
frxUSDJPY	2012-11-08 02:48:02	79.86	79.89	79.875	79.8755
frxUSDJPY	2012-11-08 02:48:03	79.869	79.878	79.874	79.874
frxUSDJPY	2012-11-08 02:48:04	79.867	79.877	79.872	79.8724
frxUSDJPY	2012-11-08 02:48:06	79.865	79.88	79.872	79.8723
frxUSDJPY	2012-11-08 02:48:09	79.862	79.876	79.869	79.8692
frxUSDJPY	2012-11-08 02:48:10	79.865	79.873	79.869	79.8692
frxUSDJPY	2012-11-08 02:48:13	79.864	79.873	79.869	79.8696
frxUSDJPY	2012-11-08 02:48:16	79.85	79.89	79.869	79.8695
frxUSDJPY	2012-11-08 02:48:19	79.865	79.873	79.869	79.869
frxUSDJPY	2012-11-08 02:48:20	79.865	79.874	79.869	79.8695
frxUSDJPY	2012-11-08 02:48:23	79.86	79.876	79.868	79.8685
frxUSDJPY	2012-11-08 02:48:26	79.861	79.876	79.869	79.8695
frxUSDJPY	2012-11-08 02:48:30	79.86	79.877	79.868	79.8688
frxUSDJPY	2012-11-08 02:48:33	79.861	79.879	79.87	79.8709
frxUSDJPY	2012-11-08 02:48:34	79.857	79.881	79.869	79.8699
frxUSDJPY	2012-11-08 02:48:35	79.857	79.882	79.869	79.8691
frxUSDJPY	2012-11-08 02:48:40	79.868	79.87	79.869	79.8693
frxUSDJPY	2012-11-08 02:48:41	79.87	79.87	79.87	79.8701
frxUSDJPY	2012-11-08 02:48:42	79.867	79.877	79.872	79.8723
frxUSDJPY	2012-11-08 02:48:45	79.84	79.89	79.867	79.8678
frxUSDJPY	2012-11-08 02:48:51	79.869	79.87	79.869	79.8696
frxUSDJPY	2012-11-08 02:48:57	79.87	79.9	79.88	79.8802
frxUSDJPY	2012-11-08 02:48:58	79.86	79.89	79.877	79.877
frxUSDJPY	2012-11-08 02:48:59	79.87	79.9	79.881	79.8812
frxUSDJPY	2012-11-08 02:49:01	79.86	79.92	79.887	79.8876
frxUSDJPY	2012-11-08 02:49:03	79.867	79.877	79.878	79.8781
frxUSDJPY	2012-11-08 02:49:05	79.86	79.89	79.875	79.8753
frxUSDJPY	2012-11-08 02:49:06	79.87	79.9	79.881	79.881
frxUSDJPY	2012-11-08 02:49:11	79.867	79.877	79.875	79.8755
frxUSDJPY	2012-11-08 02:49:16	79.868	79.877	79.873	79.8733
frxUSDJPY	2012-11-08 02:49:17	79.86	79.89	79.875	79.8753
frxUSDJPY	2012-11-08 02:49:19	79.868	79.878	79.873	79.8736
frxUSDJPY	2012-11-08 02:49:20	79.873	79.875	79.875	79.8758
frxUSDJPY	2012-11-08 02:49:22	79.868	79.877	79.874	79.8743
frxUSDJPY	2012-11-08 02:49:24	79.874	79.884	79.878	79.8782
frxUSDJPY	2012-11-08 02:49:26	79.87	79.9	79.882	79.8826
frxUSDJPY	2012-11-08 02:49:28	79.84	79.92	79.88	79.8808
frxUSDJPY	2012-11-08 02:49:29	79.86	79.89	79.877	79.8774
frxUSDJPY	2012-11-08 02:49:31	79.86	79.89	79.878	79.8781
frxUSDJPY	2012-11-08 02:49:35	79.875	79.884	79.879	79.8799
frxUSDJPY	2012-11-08 02:49:36	79.877	79.883	79.88	79.8807
frxUSDJPY	2012-11-08 02:49:37	79.87	79.9	79.882	79.882
frxUSDJPY	2012-11-08 02:49:43	79.87	79.886	79.879	79.8793
frxUSDJPY	2012-11-08 02:49:44	79.87	79.887	79.879	79.8792
frxUSDJPY	2012-11-08 02:49:45	79.871	79.882	79.877	79.8773
frxUSDJPY	2012-11-08 02:49:53	79.873	79.881	79.877	79.8777
frxUSDJPY	2012-11-08 02:49:54	79.87	79.887	79.878	79.8781
frxUSDJPY	2012-11-08 02:49:55	79.874	79.883	79.88	79.8807
frxUSDJPY	2012-11-08 02:49:58	79.85	79.9	79.876	79.8769
frxUSDJPY	2012-11-08 02:49:59	79.873	79.881	79.877	79.8772
frxUSDJPY	2012-11-08 02:50:14	79.874	79.882	79.878	79.8786
frxUSDJPY	2012-11-08 02:50:32	79.85	79.91	79.879	79.8793
frxUSDJPY	2012-11-08 02:50:36	79.878	79.879	79.878	79.8782
frxUSDJPY	2012-11-08 02:50:40	79.877	79.879	79.878	79.8788
frxUSDJPY	2012-11-08 02:50:42	79.866	79.89	79.878	79.8782
frxUSDJPY	2012-11-08 02:50:47	79.867	79.891	79.879	79.8791
frxUSDJPY	2012-11-08 02:50:48	79.868	79.892	79.88	79.8804
frxUSDJPY	2012-11-08 02:50:55	79.876	79.884	79.88	79.8809
frxUSDJPY	2012-11-08 02:50:57	79.867	79.891	79.879	79.8797
frxUSDJPY	2012-11-08 02:50:58	79.86	79.91	79.883	79.8831
frxUSDJPY	2012-11-08 02:51:00	79.87	79.9	79.882	79.8822
frxUSDJPY	2012-11-08 02:51:01	79.867	79.891	79.88	79.8807
frxUSDJPY	2012-11-08 02:51:03	79.868	79.892	79.88	79.8802
frxUSDJPY	2012-11-08 02:51:15	79.85	79.9	79.876	79.8767
frxUSDJPY	2012-11-08 02:51:25	79.868	79.892	79.879	79.879
frxUSDJPY	2012-11-08 02:51:26	79.867	79.891	79.879	79.8794
frxUSDJPY	2012-11-08 02:51:27	79.868	79.892	79.88	79.8809
frxUSDJPY	2012-11-08 02:51:28	79.85	79.93	79.886	79.8861
frxUSDJPY	2012-11-08 02:51:30	79.868	79.892	79.879	79.8793
frxUSDJPY	2012-11-08 02:51:31	79.876	79.884	79.88	79.8807
frxUSDJPY	2012-11-08 02:51:45	79.84	79.89	79.869	79.8697
frxUSDJPY	2012-11-08 02:51:49	79.868	79.892	79.876	79.876
frxUSDJPY	2012-11-08 02:51:57	79.84	79.92	79.879	79.8791
frxUSDJPY	2012-11-08 02:51:58	79.86	79.91	79.883	79.8835
frxUSDJPY	2012-11-08 02:51:59	79.86	79.92	79.887	79.8876
frxUSDJPY	2012-11-08 02:52:11	79.876	79.883	79.882	79.8824
frxUSDJPY	2012-11-08 02:52:12	79.868	79.892	79.88	79.8805
frxUSDJPY	2012-11-08 02:52:13	79.867	79.891	79.879	79.8792
frxUSDJPY	2012-11-08 02:52:15	79.871	79.889	79.88	79.8806
frxUSDJPY	2012-11-08 02:52:16	79.874	79.885	79.88	79.8805
frxUSDJPY	2012-11-08 02:52:17	79.876	79.884	79.88	79.8809
frxUSDJPY	2012-11-08 02:52:18	79.869	79.893	79.88	79.8808
frxUSDJPY	2012-11-08 02:52:19	79.868	79.892	79.88	79.8807
frxUSDJPY	2012-11-08 02:52:22	79.873	79.889	79.881	79.881
frxUSDJPY	2012-11-08 02:52:23	79.876	79.886	79.881	79.8811
frxUSDJPY	2012-11-08 02:52:24	79.871	79.889	79.88	79.8809
frxUSDJPY	2012-11-08 02:52:26	79.867	79.891	79.879	79.8795
frxUSDJPY	2012-11-08 02:52:29	79.871	79.889	79.88	79.8807
frxUSDJPY	2012-11-08 02:52:30	79.874	79.884	79.879	79.8792
frxUSDJPY	2012-11-08 02:52:31	79.868	79.892	79.88	79.88
frxUSDJPY	2012-11-08 02:52:32	79.876	79.884	79.88	79.8809
frxUSDJPY	2012-11-08 02:52:38	79.874	79.882	79.878	79.8789
frxUSDJPY	2012-11-08 02:52:39	79.873	79.883	79.878	79.8786
frxUSDJPY	2012-11-08 02:52:40	79.873	79.874	79.874	79.8746
frxUSDJPY	2012-11-08 02:52:41	79.868	79.877	79.873	79.8731
frxUSDJPY	2012-11-08 02:52:42	79.87	79.9	79.88	79.8808
frxUSDJPY	2012-11-08 02:52:43	79.86	79.88	79.871	79.8719
frxUSDJPY	2012-11-08 02:52:47	79.87	79.9	79.88	79.8805
frxUSDJPY	2012-11-08 02:52:49	79.87	79.9	79.882	79.8824
frxUSDJPY	2012-11-08 02:52:50	79.865	79.883	79.877	79.8776
frxUSDJPY	2012-11-08 02:52:51	79.865	79.882	79.874	79.8745
frxUSDJPY	2012-11-08 02:52:52	79.86	79.89	79.877	79.8774
frxUSDJPY	2012-11-08 02:52:53	79.87	79.9	79.882	79.8821
frxUSDJPY	2012-11-08 02:52:54	79.85	79.91	79.88	79.8804
frxUSDJPY	2012-11-08 02:52:56	79.87	79.9	79.88	79.88
frxUSDJPY	2012-11-08 02:52:57	79.861	79.886	79.876	79.8766
frxUSDJPY	2012-11-08 02:52:58	79.85	79.9	79.875	79.8753
frxUSDJPY	2012-11-08 02:52:59	79.861	79.885	79.874	79.8747
frxUSDJPY	2012-11-08 02:53:03	79.869	79.875	79.873	79.8731
frxUSDJPY	2012-11-08 02:53:07	79.87	79.9	79.881	79.8811
frxUSDJPY	2012-11-08 02:53:11	79.861	79.886	79.876	79.8761
frxUSDJPY	2012-11-08 02:53:18	79.868	79.879	79.873	79.8733
frxUSDJPY	2012-11-08 02:53:19	79.867	79.877	79.872	79.8726
frxUSDJPY	2012-11-08 02:53:22	79.87	79.9	79.881	79.8813
frxUSDJPY	2012-11-08 02:53:24	79.86	79.89	79.876	79.8762
frxUSDJPY	2012-11-08 02:53:25	79.87	79.9	79.881	79.8818
frxUSDJPY	2012-11-08 02:53:26	79.868	79.879	79.877	79.8773
frxUSDJPY	2012-11-08 02:53:28	79.83	79.91	79.873	79.873
frxUSDJPY	2012-11-08 02:53:29	79.867	79.879	79.873	79.8738
frxUSDJPY	2012-11-08 02:53:37	79.87	79.9	79.882	79.8821
frxUSDJPY	2012-11-08 02:53:38	79.85	79.9	79.878	79.8785
frxUSDJPY	2012-11-08 02:53:44	79.867	79.879	79.873	79.8736
frxUSDJPY	2012-11-08 02:53:45	79.867	79.877	79.872	79.8724
frxUSDJPY	2012-11-08 02:53:47	79.86	79.88	79.871	79.8715
frxUSDJPY	2012-11-08 02:53:51	79.866	79.877	79.871	79.8712
frxUSDJPY	2012-11-08 02:53:53	79.866	79.875	79.87	79.8706
frxUSDJPY	2012-11-08 02:53:56	79.867	79.874	79.87	79.8702
frxUSDJPY	2012-11-08 02:53:57	79.869	79.871	79.87	79.8706
frxUSDJPY	2012-11-08 02:53:58	79.858	79.882	79.87	79.8701
frxUSDJPY	2012-11-08 02:53:59	79.866	79.875	79.87	79.8702
frxUSDJPY	2012-11-08 02:54:02	79.858	79.883	79.872	79.8722
frxUSDJPY	2012-11-08 02:54:03	79.857	79.883	79.87	79.8702
frxUSDJPY	2012-11-08 02:54:04	79.858	79.883	79.874	79.8747
frxUSDJPY	2012-11-08 02:54:05	79.87	79.9	79.879	79.8794
frxUSDJPY	2012-11-08 02:54:06	79.857	79.883	79.873	79.8734
frxUSDJPY	2012-11-08 02:54:08	79.858	79.883	79.872	79.8724
frxUSDJPY	2012-11-08 02:54:10	79.857	79.883	79.873	79.8732
frxUSDJPY	2012-11-08 02:54:14	79.858	79.883	79.871	79.871
frxUSDJPY	2012-11-08 02:54:15	79.87	79.9	79.88	79.8802
frxUSDJPY	2012-11-08 02:54:20	79.858	79.883	79.872	79.8727
frxUSDJPY	2012-11-08 02:54:21	79.857	79.883	79.874	79.8749
frxUSDJPY	2012-11-08 02:54:24	79.85	79.89	79.871	79.8719
frxUSDJPY	2012-11-08 02:54:29	79.87	79.9	79.881	79.8812
frxUSDJPY	2012-11-08 02:54:34	79.86	79.9	79.88	79.8808
frxUSDJPY	2012-11-08 02:54:35	79.862	79.878	79.872	79.8727
frxUSDJPY	2012-11-08 02:54:36	79.858	79.882	79.871	79.8712
frxUSDJPY	2012-11-08 02:54:37	79.857	79.883	79.87	79.8701
frxUSDJPY	2012-11-08 02:54:41	79.861	79.878	79.87	79.8702
frxUSDJPY	2012-11-08 02:54:43	79.867	79.876	79.871	79.8716
frxUSDJPY	2012-11-08 02:54:47	79.868	79.875	79.872	79.872
frxUSDJPY	2012-11-08 02:54:48	79.867	79.876	79.871	79.8714
frxUSDJPY	2012-11-08 02:54:52	79.862	79.879	79.871	79.8717
frxUSDJPY	2012-11-08 02:54:57	79.873	79.875	79.874	79.8748
frxUSDJPY	2012-11-08 02:54:58	79.85	79.9	79.874	79.8742
frxUSDJPY	2012-11-08 02:54:59	79.869	79.878	79.875	79.8751
frxUSDJPY	2012-11-08 02:55:03	79.868	79.879	79.874	79.874
frxUSDJPY	2012-11-08 02:55:04	79.869	79.879	79.874	79.8742
frxUSDJPY	2012-11-08 02:55:05	79.87	79.9	79.881	79.8815
frxUSDJPY	2012-11-08 02:55:10	79.868	79.878	79.873	79.873
frxUSDJPY	2012-11-08 02:55:11	79.859	79.884	79.872	79.872
frxUSDJPY	2012-11-08 02:55:17	79.87	79.9	79.882	79.8829
frxUSDJPY	2012-11-08 02:55:20	79.867	79.877	79.876	79.8764
frxUSDJPY	2012-11-08 02:55:21	79.873	79.875	79.874	79.874
frxUSDJPY	2012-11-08 02:55:25	79.86	79.92	79.884	79.8844
frxUSDJPY	2012-11-08 02:55:28	79.83	79.91	79.875	79.8755
frxUSDJPY	2012-11-08 02:55:32	79.86	79.89	79.874	79.874
frxUSDJPY	2012-11-08 02:55:33	79.865	79.881	79.874	79.8741
frxUSDJPY	2012-11-08 02:55:34	79.87	79.9	79.88	79.88
frxUSDJPY	2012-11-08 02:55:36	79.87	79.9	79.882	79.8827
frxUSDJPY	2012-11-08 02:55:44	79.871	79.878	79.877	79.8771
frxUSDJPY	2012-11-08 02:55:46	79.87	79.9	79.881	79.881
frxUSDJPY	2012-11-08 02:55:48	79.865	79.88	79.876	79.8764
frxUSDJPY	2012-11-08 02:55:49	79.871	79.873	79.872	79.8723
frxUSDJPY	2012-11-08 02:55:50	79.864	79.881	79.873	79.8738
frxUSDJPY	2012-11-08 02:55:52	79.86	79.89	79.877	79.8775
frxUSDJPY	2012-11-08 02:55:56	79.872	79.874	79.876	79.8764
frxUSDJPY	2012-11-08 02:55:58	79.85	79.9	79.875	79.8754
frxUSDJPY	2012-11-08 02:55:59	79.859	79.883	79.872	79.8728
frxUSDJPY	2012-11-08 02:56:01	79.859	79.884	79.872	79.8722
frxUSDJPY	2012-11-08 02:56:02	79.85	79.89	79.871	79.8716
frxUSDJPY	2012-11-08 02:56:13	79.86	79.9	79.877	79.877
frxUSDJPY	2012-11-08 02:56:16	79.87	79.9	79.881	79.8813
frxUSDJPY	2012-11-08 02:56:17	79.86	79.89	79.877	79.8772
frxUSDJPY	2012-11-08 02:56:31	79.86	79.89	79.875	79.8751
frxUSDJPY	2012-11-08 02:56:54	79.865	79.881	79.875	79.8756
frxUSDJPY	2012-11-08 02:56:55	79.861	79.885	79.873	79.8734
frxUSDJPY	2012-11-08 02:56:58	79.85	79.9	79.874	79.8743
frxUSDJPY	2012-11-08 02:57:03	79.869	79.878	79.876	79.8769
frxUSDJPY	2012-11-08 02:57:04	79.873	79.874	79.874	79.8746
frxUSDJPY	2012-11-08 02:57:30	79.867	79.879	79.873	79.8736
frxUSDJPY	2012-11-08 02:57:47	79.86	79.89	79.874	79.8745
frxUSDJPY	2012-11-08 02:57:49	79.87	79.9	79.881	79.8815
frxUSDJPY	2012-11-08 02:57:52	79.868	79.879	79.876	79.8761
frxUSDJPY	2012-11-08 02:57:53	79.86	79.89	79.875	79.8753
frxUSDJPY	2012-11-08 02:57:55	79.87	79.9	79.881	79.8815
frxUSDJPY	2012-11-08 02:57:59	79.86	79.89	79.875	79.8755
frxUSDJPY	2012-11-08 02:58:00	79.873	79.875	79.874	79.8747
frxUSDJPY	2012-11-08 02:58:13	79.861	79.887	79.876	79.8768
frxUSDJPY	2012-11-08 02:58:18	79.861	79.886	79.874	79.8743
frxUSDJPY	2012-11-08 02:58:21	79.867	79.879	79.873	79.8735
frxUSDJPY	2012-11-08 02:58:23	79.874	79.875	79.874	79.8749
frxUSDJPY	2012-11-08 02:58:24	79.862	79.887	79.874	79.8748
frxUSDJPY	2012-11-08 02:58:27	79.86	79.9	79.878	79.8782
frxUSDJPY	2012-11-08 02:58:33	79.869	79.879	79.875	79.875
frxUSDJPY	2012-11-08 02:58:49	79.869	79.88	79.875	79.8751
frxUSDJPY	2012-11-08 02:58:58	79.85	79.9	79.875	79.8752
frxUSDJPY	2012-11-08 02:59:09	79.87	79.9	79.882	79.8822
frxUSDJPY	2012-11-08 02:59:24	79.87	79.9	79.882	79.8822
frxUSDJPY	2012-11-08 02:59:28	79.84	79.92	79.881	79.8816
frxUSDJPY	2012-11-08 02:59:30	79.86	79.89	79.877	79.8772
frxUSDJPY	2012-11-08 02:59:36	79.87	79.9	79.882	79.8825
frxUSDJPY	2012-11-08 02:59:43	79.872	79.881	79.876	79.8764
frxUSDJPY	2012-11-08 02:59:44	79.867	79.892	79.88	79.8808
frxUSDJPY	2012-11-08 02:59:45	79.868	79.892	79.88	79.8803
frxUSDJPY	2012-11-08 02:59:46	79.876	79.885	79.88	79.8805
frxUSDJPY	2012-11-08 02:59:47	79.879	79.881	79.88	79.8807
frxUSDJPY	2012-11-08 02:59:48	79.868	79.892	79.88	79.8807
frxUSDJPY	2012-11-08 02:59:49	79.867	79.892	79.88	79.8809
frxUSDJPY	2012-11-08 02:59:51	79.867	79.893	79.88	79.8802
frxUSDJPY	2012-11-08 02:59:53	79.86	79.91	79.883	79.883
frxUSDJPY	2012-11-08 02:59:54	79.874	79.886	79.881	79.8813
frxUSDJPY	2012-11-08 02:59:56	79.874	79.887	79.88	79.8805
frxUSDJPY	2012-11-08 02:59:57	79.877	79.887	79.881	79.8814
frxUSDJPY	2012-11-08 02:59:58	79.88	79.91	79.89	79.8907
frxUSDJPY	2012-11-08 03:00:11	79.874	79.884	79.879	79.8796
frxUSDJPY	2012-11-08 03:00:12	79.867	79.891	79.879	79.8799
frxUSDJPY	2012-11-08 03:00:13	79.873	79.885	79.879	79.8795
frxUSDJPY	2012-11-08 03:00:15	79.867	79.892	79.88	79.88
frxUSDJPY	2012-11-08 03:00:17	79.87	79.9	79.882	79.8825
frxUSDJPY	2012-11-08 03:00:19	79.875	79.884	79.88	79.8804
frxUSDJPY	2012-11-08 03:00:20	79.868	79.892	79.88	79.8806
frxUSDJPY	2012-11-08 03:00:21	79.867	79.892	79.88	79.88
frxUSDJPY	2012-11-08 03:00:25	79.868	79.892	79.88	79.8808
frxUSDJPY	2012-11-08 03:00:26	79.867	79.892	79.88	79.8802
frxUSDJPY	2012-11-08 03:00:29	79.868	79.892	79.88	79.8807
frxUSDJPY	2012-11-08 03:00:31	79.88	79.91	79.889	79.8896
frxUSDJPY	2012-11-08 03:00:32	79.867	79.892	79.88	79.8806
frxUSDJPY	2012-11-08 03:00:34	79.876	79.883	79.882	79.8825
frxUSDJPY	2012-11-08 03:00:35	79.868	79.892	79.88	79.8804
frxUSDJPY	2012-11-08 03:00:37	79.867	79.892	79.88	79.8807
frxUSDJPY	2012-11-08 03:00:44	79.85	79.91	79.88	79.8808
frxUSDJPY	2012-11-08 03:00:45	79.874	79.884	79.879	79.8791
frxUSDJPY	2012-11-08 03:00:47	79.868	79.892	79.88	79.8805
frxUSDJPY	2012-11-08 03:00:48	79.867	79.892	79.88	79.8806
frxUSDJPY	2012-11-08 03:00:52	79.868	79.892	79.88	79.8807
frxUSDJPY	2012-11-08 03:00:56	79.872	79.887	79.88	79.8802
frxUSDJPY	2012-11-08 03:00:57	79.877	79.887	79.882	79.8829
frxUSDJPY	2012-11-08 03:00:58	79.86	79.91	79.884	79.884
frxUSDJPY	2012-11-08 03:01:00	79.875	79.889	79.882	79.8825
frxUSDJPY	2012-11-08 03:01:01	79.877	79.885	79.881	79.8816
frxUSDJPY	2012-11-08 03:01:05	79.876	79.888	79.882	79.882
frxUSDJPY	2012-11-08 03:01:09	79.86	79.92	79.887	79.8874
frxUSDJPY	2012-11-08 03:01:14	79.878	79.885	79.883	79.8831
frxUSDJPY	2012-11-08 03:01:42	79.878	79.885	79.882	79.8824
frxUSDJPY	2012-11-08 03:01:48	79.877	79.885	79.881	79.8819
frxUSDJPY	2012-11-08 03:01:57	79.876	79.889	79.882	79.8823
frxUSDJPY	2012-11-08 03:01:58	79.86	79.91	79.885	79.8857
frxUSDJPY	2012-11-08 03:02:01	79.876	79.889	79.882	79.8823
frxUSDJPY	2012-11-08 03:02:02	79.88	79.882	79.881	79.8811
frxUSDJPY	2012-11-08 03:02:03	79.88	79.91	79.89	79.8909
frxUSDJPY	2012-11-08 03:02:04	79.881	79.883	79.884	79.8848
frxUSDJPY	2012-11-08 03:02:07	79.88	79.882	79.884	79.8844
frxUSDJPY	2012-11-08 03:02:09	79.877	79.888	79.883	79.8836
frxUSDJPY	2012-11-08 03:02:11	79.88	79.91	79.892	79.8922
frxUSDJPY	2012-11-08 03:02:15	79.878	79.887	79.884	79.884
frxUSDJPY	2012-11-08 03:02:16	79.869	79.894	79.881	79.8811
frxUSDJPY	2012-11-08 03:02:20	79.88	79.91	79.891	79.8917
frxUSDJPY	2012-11-08 03:02:23	79.877	79.887	79.883	79.8837
frxUSDJPY	2012-11-08 03:02:25	79.872	79.897	79.884	79.8847
frxUSDJPY	2012-11-08 03:02:27	79.88	79.891	79.886	79.8864
frxUSDJPY	2012-11-08 03:02:28	79.85	79.93	79.89	79.8903
frxUSDJPY	2012-11-08 03:02:31	79.881	79.891	79.886	79.8864
frxUSDJPY	2012-11-08 03:02:32	79.877	79.893	79.886	79.8865
frxUSDJPY	2012-11-08 03:02:33	79.87	79.9	79.887	79.8875
frxUSDJPY	2012-11-08 03:02:37	79.87	79.9	79.887	79.887
frxUSDJPY	2012-11-08 03:02:39	79.88	79.91	79.892	79.8927
frxUSDJPY	2012-11-08 03:02:44	79.877	79.895	79.888	79.8885
frxUSDJPY	2012-11-08 03:02:47	79.882	79.897	79.89	79.8906
frxUSDJPY	2012-11-08 03:02:49	79.891	79.893	79.891	79.8911
frxUSDJPY	2012-11-08 03:02:50	79.89	79.893	79.891	79.8913
frxUSDJPY	2012-11-08 03:02:52	79.89	79.893	79.892	79.8925
frxUSDJPY	2012-11-08 03:02:53	79.891	79.893	79.892	79.8921
frxUSDJPY	2012-11-08 03:02:55	79.88	79.92	79.897	79.8979
frxUSDJPY	2012-11-08 03:02:56	79.887	79.895	79.893	79.8938
frxUSDJPY	2012-11-08 03:02:58	79.88	79.93	79.902	79.902
frxUSDJPY	2012-11-08 03:02:59	79.886	79.896	79.893	79.8934
frxUSDJPY	2012-11-08 03:03:00	79.881	79.897	79.89	79.8901
frxUSDJPY	2012-11-08 03:03:02	79.89	79.892	79.891	79.8915
frxUSDJPY	2012-11-08 03:03:28	79.884	79.893	79.89	79.8908
frxUSDJPY	2012-11-08 03:03:29	79.885	79.886	79.886	79.8865
frxUSDJPY	2012-11-08 03:03:37	79.88	79.94	79.903	79.9036
frxUSDJPY	2012-11-08 03:03:42	79.85	79.9	79.882	79.8825
frxUSDJPY	2012-11-08 03:03:56	79.874	79.9	79.885	79.8856
frxUSDJPY	2012-11-08 03:03:58	79.86	79.94	79.894	79.8949
frxUSDJPY	2012-11-08 03:04:01	79.882	79.892	79.887	79.8873
frxUSDJPY	2012-11-08 03:04:04	79.885	79.887	79.886	79.8862
frxUSDJPY	2012-11-08 03:04:05	79.877	79.892	79.885	79.8851
frxUSDJPY	2012-11-08 03:04:07	79.87	79.93	79.894	79.894
frxUSDJPY	2012-11-08 03:04:08	79.88	79.89	79.885	79.8854
frxUSDJPY	2012-11-08 03:04:09	79.872	79.896	79.884	79.8846
frxUSDJPY	2012-11-08 03:04:10	79.878	79.89	79.884	79.8842
frxUSDJPY	2012-11-08 03:04:11	79.88	79.888	79.886	79.8867
frxUSDJPY	2012-11-08 03:04:13	79.87	79.9	79.884	79.8849
frxUSDJPY	2012-11-08 03:04:15	79.87	79.92	79.893	79.8938
frxUSDJPY	2012-11-08 03:04:25	79.86	79.91	79.886	79.8864
frxUSDJPY	2012-11-08 03:04:28	79.85	79.93	79.889	79.8896
frxUSDJPY	2012-11-08 03:04:30	79.88	79.887	79.885	79.8851
frxUSDJPY	2012-11-08 03:04:36	79.86	79.92	79.888	79.8887
frxUSDJPY	2012-11-08 03:04:40	79.878	79.888	79.884	79.8847
frxUSDJPY	2012-11-08 03:04:50	79.879	79.886	79.883	79.8832
frxUSDJPY	2012-11-08 03:04:51	79.878	79.889	79.883	79.883
frxUSDJPY	2012-11-08 03:04:54	79.87	79.92	79.891	79.8917
frxUSDJPY	2012-11-08 03:04:57	79.84	79.92	79.884	79.8846
frxUSDJPY	2012-11-08 03:05:16	79.881	79.888	79.884	79.8843
frxUSDJPY	2012-11-08 03:05:17	79.88	79.89	79.885	79.8854
frxUSDJPY	2012-11-08 03:05:18	79.877	79.895	79.886	79.8867
frxUSDJPY	2012-11-08 03:05:20	79.88	79.889	79.885	79.8851
frxUSDJPY	2012-11-08 03:05:22	79.87	79.91	79.89	79.8902
frxUSDJPY	2012-11-08 03:05:23	79.87	79.9	79.887	79.8875
frxUSDJPY	2012-11-08 03:05:24	79.88	79.91	79.891	79.8916
frxUSDJPY	2012-11-08 03:05:28	79.88	79.889	79.885	79.8853
frxUSDJPY	2012-11-08 03:05:33	79.876	79.892	79.884	79.8847
frxUSDJPY	2012-11-08 03:05:34	79.87	79.93	79.896	79.8968
frxUSDJPY	2012-11-08 03:05:37	79.87	79.9	79.889	79.8897
frxUSDJPY	2012-11-08 03:05:42	79.88	79.91	79.892	79.8922
frxUSDJPY	2012-11-08 03:05:45	79.86	79.91	79.887	79.8873
frxUSDJPY	2012-11-08 03:05:52	79.88	79.91	79.892	79.8929
frxUSDJPY	2012-11-08 03:05:57	79.87	79.92	79.894	79.8944
frxUSDJPY	2012-11-08 03:05:58	79.87	79.92	79.895	79.8955
frxUSDJPY	2012-11-08 03:05:59	79.87	79.9	79.889	79.8898
frxUSDJPY	2012-11-08 03:06:01	79.881	79.889	79.887	79.8875
frxUSDJPY	2012-11-08 03:06:03	79.889	79.899	79.894	79.8948
frxUSDJPY	2012-11-08 03:06:04	79.891	79.897	79.894	79.8946
